3593 5087
934 417 1084 499 334
1186 392 1600 472 MoRssr
1650 387 2172 472 VENTms
2244 384 2989 464 INFERIORIS

1030 523 1195 624 Age
1240 547 1470 598 autem
1505 527 1663 596 cum
1690 525 2015 596 alterutra
2045 520 2165 593 illa
2189 525 2504 595 vacuatio
2549 521 2676 593 seri
2708 544 2962 592 naturae
2985 516 3181 591 fami-

931 625 1215 697 miliaris
1241 678 1265 713 ‚
1294 631 1364 699 δί
1396 619 1735 723 suppressa
1765 622 2062 720 hydropi
2086 623 2445 693 materiam
2480 621 2784 692 conferre
2812 619 3001 718 poffit
3025 673 3046 707 ,
3080 645 3179 690 ta-

933 749 1090 796 men
1144 749 1479 820 quomam
1529 728 1671 812 ejus
1704 724 1932 820 portio
1983 722 2075 793 ad
2101 717 2416 792 habitum
2440 721 2742 818 corporis
2770 720 3133 791 mandatur
3154 772 3179 807 ,

933 819 982 893 fi
1019 823 1304 919 quando
1351 824 1632 894 minime
1675 845 2042 894 evacuatur
2085 846 2204 918 per
2236 836 2463 893 cutem
2488 874 2512 908 ‚
2556 822 2675 894 illa
2715 844 2792 890 ut
2821 819 3184 918 plurimum

932 922 1297 994 introrsum
1329 920 1460 995 five
1491 923 1557 997 vi
1589 945 1844 993 naturae
1867 919 2144 1019 depulsa
2172 972 2196 1006 ‚
2229 916 2368 991 sive
2399 917 2761 992 ambientis
2782 918 3043 1016 frigore
3082 943 3191 988 ex-

933 1016 1151 1119 preffa
1206 1024 1330 1094 iter
1371 1018 1736 1093 necessario
1774 1022 1847 1090 in
1884 1021 2206 1092 interiora
2242 1019 2401 1091 vasa
2435 1021 2677 1118 relegit
2705 1073 2729 1105 ‚
2774 1018 3191 1115 tandemque

936 1145 1057 1219 per
1099 1146 1284 1193 renes
1332 1147 1490 1194 cum
1544 1122 1808 1215 reliqua
1858 1118 2001 1191 sero
2031 1142 2485 1218 expurgatur,
2529 1116 2824 1215 quisquis
2848 1121 3076 1211 ascires
3085 1113 3192 1208 se-

936 1218 1869 1317 quiturfizpprffonemfirosi
1882 1219 2174 1288 humoris
2193 1267 2213 1300 ‚
2244 1220 2309 1285 is
2335 1221 2406 1287 in
2428 1245 2630 1288 unum
2657 1219 3191 1312 expurgationem

930 1348 1045 1415 per
1064 1346 1244 1394 renes
1259 1322 1422 1412 fieri
1430 1323 1711 1413 solitam
1743 1319 2135 1403 deficientem
2159 1313 2235 1387 ό·
2252 1311 2657 1413 suppreſjizm
2681 1324 2881 1410 regeri
2909 1321 3098 1385 debet.

1038 1418 1261 1516 Atqui
1302 1421 1636 1517 quoniam
1666 1441 1856 1490 renes
1885 1442 2024 1488 non
2052 1440 2434 1515 expurgant
2485 1418 2701 1488 serum
2733 1412 2855 1487 nili
2883 1415 2970 1487 id.
2990 1417 3028 1486 a
3057 1440 3193 1486 rne-

942 1516 1214 1591 saraicis
1253 1575 1277 1608 ,
1326 1518 1811 1618 gastricisque‚
1861 1522 1932 1588 &
1975 1517 2327 1615 epiploicis
2369 1513 2534 1591 valis
2581 1516 2766 1614 prius
2820 1518 2893 1586 in
2947 1514 3195 1589 viscera

942 1615 1324 1717 perv‘enerit
1357 1671 1381 1704 ,
1436 1625 1506 1691 δε
1536 1642 1616 1688 ex
1647 1618 1748 1686 his
1776 1640 1895 1712 per
1942 1616 2368 1714 emulgentes
2412 1614 2694 1687 tandem
2731 1617 2800 1684 in
2835 1638 3024 1686 renes
3066 1611 3195 1683 dis-

941 1714 1273 1790 tribuatur
1296 1771 1321 1804 ,
1357 1714 1842 1810 serisicpprffo
1863 1718 2044 1785 circa
2082 1716 2370 1806 renesfit
2394 1766 2419 1801 ,
2466 1738 2584 1785 aut
2626 1719 2786 1809 quia
2811 1716 3074 1783 minime·
3095 1717 3194 1803 Je-

589 1812 908 1920 ξῇξζζζξΰξξξ
943 1842 1086 1887 rum
1116 1843 1202 1884 ex
1237 1816 1503 1918 officina
1528 1819 1745 1909 primii
1776 1817 2184 1907 distribuitur
2229 1817 2301 1882 in
2330 1813 2626 1904 ficunda
2653 1812 2962 1905 viscera(
2992 1813 3194 1911 hepar

592 1933 844 1978 nescausae.
943 1922 1014 1988 &
1059 1915 1306 1989 lienem
1353 1916 1667 2012 intelligo
1698 1912 1883 2016 >ſsd
1924 1918 1995 1983 in
2045 1917 2418 2004 mesaraicis
2449 1914 2696 2008 restitut
2725 1913 3095 2007 gastricisve
3128 1906 3197 1982 ό

943 2021 1282 2110 epiploicis
1309 2069 1331 2102 ‚
1381 2038 1498 2085 aut
1542 2018 1700 2083 certe'
1726 2016 1940 2108 portis
1983 2011 2428 2108 radicibusque
2481 2039 2701 2081 earum
2729 2065 2752 2098 ,
2804 2010 2877 2082 ό·
2903 2037 3197 2083 convexa

942 2112 1255 2208 viseerum
1286 2141 1418 2184 non
1463 2115 1756 2208 pervadit
1780 2142 1811 2191 ,0
1861 2137 1980 2184 aut
2021 2116 2180 2208 quia
2227 2111 2621 2207 transgreffis
2647 2107 3033 2208 decurfisque
3073 2107 3197 2202 ταὶ-[ἕ

944 2220 1197 2288 cer-ibus
1244 2217 1431 2284 lzaeret
1484 2217 1555 2283 in
1587 2215 1931 2315 stipitibus
1982 2238 2156 2284 cavae
2173 2210 2320 2299 five
2361 2237 2529 2284 venae
2551 2264 2572 2298 ,
2640 2239 2739 2283 ive
2765 2207 3201 2304 arterioespze-

944 2319 1106 2386 nicoe
1122 2368 1146 2402 ‚
1205 2315 1277 2386 ό·
1304 2314 1619 2383 hincinde
1647 2336 1782 2382 tam
1812 2316 1884 2380 in
1906 2313 2239 2382 radicibus
2269 2313 2605 2382 eorundem·
2619 2317 2920 2401 vasorum
2948 2363 2974 2397 ‚
3012 2311 3202 2407 qudm

947 2415 1020 2483 in
1047 2418 1254 2484 ramis
1289 2416 1749 2505 emulgentibus
1793 2405 1868 2480 6
1910 2438 2020 2504 per
2067 2437 2306 2503 corpus
2345 2437 2580 2481 renum‘
2604 2409 2893 2504 dispessis
2916 2463 2941 2498 ,
3002 2414 3202 2507 ibique

929 2507 1271 2603 fhbfistens
1298 2535 1471 2581 renes
1496 2511 1751 2584 evadere
1776 2555 1802 2588 ,
1851 2530 1969 2579 aut
2011 2515 2168 2579 certe'
2211 2521 2483 2583 ureteres
2529 2506 2604 2583 ό·
2649 2509 2916 2599 vesicam
2935 2536 3063 2606 pro
3093 2536 3206 2581 na·

948 2634 1114 2680 tune
1146 2611 1435 2704 instituto
1465 2634 1599 2678 non
1630 2608 1848 2702 potest.

1048 2707 1217 2797 Quo
1247 2708 1399 2781 sane
1439 2705 1517 2778 fit
1554 2756 1589 2795 Δ,
1632 2731 1707 2779 ut
1753 2732 1938 2804 aqua
1964 2731 2414 2806 quaecumque
2452 2709 2728 2783 ascitern
2758 2708 2942 2783 fiovet
2989 2707 3205 2781 neces-

950 2808 1130 2882 sario
1162 2805 1428 2882 defluat
1464 2809 1574 2881 vel
1596 2832 1679 2879 ex
1711 2808 2039 2879 alterutra
2070 2811 2267 2907 porta
2310 2833 2429 2880 aut
2453 2812 2741 2906 utraque
2777 2862 2801 2896 ‚
2849 2815 2921 2882 &
2956 2808 3206 2880 radici·

953 2905 1080 2981 bus
1099 2908 1499 2982 earumdem
1533 2933 1650 3008 per
1679 2906 1932 2979 viscera
1960 2905 2261 3005 dispersis
2278 2961 2302 2994 ,
2329 2909 2508 2979 certe
2529 2909 2572 2981 ὲ
2602 2910 2806 2981 ramis
2832 2907 3205 2981 earundem

948 3034 1070 3107 per
1120 3034 1423 3081 ventrem
1473 3007 1872 3105 propagatis
1924 3030 2132 3102 atque
2200 3008 2578 3080 ventriculo
2615 3063 2640 3096 ,
2698 3006 3025 3079 intestinis
3059 3061 3084 3094 ,
3134 3029 3206 3076 ac

946 3104 1303 3202 glandulis
1332 3106 1753 3204 implantatis
1783 3134 1804 3182 ς
1843 3106 1953 3178 vel
1994 3131 2075 3177 ex
2098 3104 2418 3178 alterutra
2448 3106 2671 3200 cava(
2694 3133 2941 3183 venam
2969 3131 3205 3178 cavam

952 3210 1026 3279 δε
1052 3207 1373 3276 arteriam
1412 3206 1781 3304 splenicam
1824 3204 2139 3304 intelligo
2166 3230 2319 3302 quae
2342 3207 2578 3278 aliene
2607 3232 2842 3280 exorta
2864 3213 2930 3280 δι
2961 3203 3202 3275 inserta

942 3328 1160 3378 aortae
1199 3296 1744 3379 distributionem
1775 3303 2122 3404 sanguinis
2159 3306 2377 3377 tenuis
2413 3309 2485 3377 in
2536 3307 2714 3379 liene
2763 3305 2980 3405 geniti
3025 3328 3205 3373 com·

943 3405 1163 3504 -plet)
1202 3406 1417 3502 itaque
1450 3404 1733 3498 hydrops
1740 3406 1841 3496 fii
1879 3431 1967 3476 ex
2000 3401 2136 3494 seri
2151 3404 2277 3497 seu
2331 3430 2511 3502 aquoe
2551 3409 2799 3501 duplici
2828 3414 2864 3475 e'
2907 3407 3209 3493 vasorum

940 3531 1174 3597 genere
1227 3499 1485 3594 diverso*
1524 3505 1880 3595 depluentis
1908 3555 1932 3589 ,
1984 3501 2061 3574 ό·
2088 3508 2129 3575 ἁ
2161 3514 2402 3575 nature&
2429 3503 2772 3600 veispcmtr⁸
2792 3502 3081 3603 depqfitae
3107 3528 3207 3575 ra-

934 3606 1123 3673 tione
1153 3599 1606 3698 copiaefiilieet
1638 3598 2170 3698 &plenitudinis
2183 3605 2551 3700 superfluae.

1051 3700 1413 3789 Quoniam
1447 3723 1680 3773 autem
1728 3695 2222 3773 distributionis
2269 3704 2392 3789 seri
2439 3731 2557 3803 per
2605 3727 2878 3804 portam
2928 3702 3206 3798 quidem

936 3798 1300 3897 duplicem
1326 3800 1734 3897 radicesque
1755 3853 1776 3887 ,
1827 3805 1904 3885 ¹&
1956 3824 2193 3879 ramos-
2220 3803 2568 3900 utriusque
2600 3805 2743 3876 duo
2779 3802 2926 3874 sunt
2948 3797 3205 3872 diversa

936 3899 1289 4067 1perincipia
1335 3901 1546 4000 hepar
1574 3900 1824 3972 scilicet
1850 3953 1874 3988 ,
1926 3902 1998 3971 δε
2038 3902 2173 3973 lien
2200 3954 2225 3990 ,
2268 3906 2340 3975 δι
2368 3906 2619 4003 pariter
2639 3902 2940 3993 ejusdem
2961 3896 3207 3970 diado-

1019 4021 1091 4068 ωε
1139 4023 1255 4096 per
1290 3999 1449 4073 vasa
1482 4023 1650 4072 cava
1683 4024 1889 4097 atque
1923 4000 2185 4074 radices
2215 4007 2284 4076 &
2322 4002 2670 4099 utriusque
2695 4025 2941 4074 ramos
2970 3996 3210 4099 princi-

938 4095 1069 4195 -pia
1098 4097 1247 4169 sunt
1287 4098 1432 4172 duo
1477 4112 1671 4176 ‘renes
1695 4152 1721 4194 ,
1762 4098 2011 4200 quibus
2054 4104 2129 4177 in
2179 4102 2592 4199 deducendo
2617 4098 3212 4203 expurgandoque
