3593 5087
795 386 856 463 ’A
985 373 1679 464 COLLUVIE
1778 377 2291 458 SEROSA'.
2515 395 2668 476 ης

422 508 689 585 tionum
714 512 1359 607 concuffionumque
1403 537 1483 582 ex
1515 513 1882 585 intervallis
1912 511 2358 611 repetentium
2389 560 2414 597 ‚
2471 511 2667 585 deni-

423 637 559 706 que
616 613 875 711 soporis
911 612 1158 682 solutio
1202 613 1243 701 (
1269 635 1528 680 certum
1547 608 1641 679 est
1681 625 1977 706 namque
2004 609 2089 681 ab
2119 612 2255 682 una
2282 610 2668 708 eademque

418 710 627 781 causa
668 719 740 783 ὃ(
776 710 1081 809 soporem
1128 709 1403 780 excitari
1450 715 1519 781 &
1574 732 1840 780 motum
1897 711 2262 780 animalem
2301 716 2665 809 perverti)

416 805 552 880 five
588 835 666 879 ea
712 811 1005 906 primum
1033 832 1304 878 externa
1340 806 1622 879 invadat
1649 807 1936 894 sensoria
1967 861 1990 895 ,
2055 809 2466 908 impleatque
2481 836 2664 883 mea·

416 929 524 976 tus
552 908 590 977 ὲ
617 907 899 979 sensorio
927 910 1267 978 communi
1299 931 1598 1004 patentes
1625 906 1693 975 in
1715 906 1960 978 eadem
1987 907 2271 978 sensoria
2289 959 2313 992 ,
2363 906 2493 979 five
2511 925 2660 1007 ‘po-

407 1005 541 1082 tius
583 1005 866 1075 invadat
899 1007 1194 1103 primiun
1227 1029 1550 1100 quartum
1585 1007 2037 1078 ventriculum
2089 1007 2200 1077 seu
2246 1006 2657 1105 principium

401 1102 673 1201 spinalis
732 1103 1055 1175 medullae
1084 1158 1106 1191 ,
1154 1128 1295 1198 quo
1354 1102 1645 1174 distento
1708 1105 2200 1199 contractoque
2251 1128 2472 1177 motus
2511 1109 2654 1178 t'am

397 1201 583 1274 varie
628 1200 1043 1301 depravatur
1070 1255 1094 1288 ,
1146 1209 1218 1275 &
1264 1228 1424 1272 mox
1473 1227 1589 1273 aut
1624 1226 2005 1301 propagata
2044 1202 2338 1272 anterius
2375 1204 2470 1274 im
2519 1207 2654 1279 leat

392 1297 840 1395 obstruatque
871 1303 1235 1371 anteriores
1268 1301 1675 1372 ventriculos
1705 1351 1728 1385 ,
1779 1323 1895 1370 aut
1929 1300 2109 1371 certe
2165 1324 2279 1372 eos
2320 1300 2438 1372 sub
2468 1304 2650 1377 idere

379 1395 597 1468 faciat
625 1400 696 1471 vi
723 1398 1202 1470 contratffionis
1222 1450 1246 1484 ‚
1279 1399 1513 1493 itaque
1545 1396 1806 1497 spiritus
1838 1399 2160 1470 animales
2179 1425 2255 1470 ex
2312 1401 2510 1472 rimat
2528 1427 2650 1474 aut

387 1497 617 1593 potius
682 1496 1141 1584 intercludat,
1225 1495 1473 1591 quibus
1546 1493 1788 1572 aversis
1838 1493 1972 1572 five
2028 1524 2227 1599 expre
2277 1523 2329 1570 is
2381 1499 2645 1575 sensum

387 1619 670 1666 omnem
700 1595 1022 1694 impediri
1046 1593 1377 1667 necessum
1406 1593 1519 1665 est.
3029 1685 3035 1690 Ι

487 1693 745 1765 Utrum
778 1720 1006 1766 autem
1026 1721 1143 1793 per
1172 1719 1403 1768 veram
1432 1696 1471 1764 ”a
1499 1694 1882 1795 propagata
1900 1695 2187 1767 materia
2203 1697 2466 1771 illatam
2485 1696 2640 1772 obs·
2703 1709 3004 1772 sensuram-

384 1792 797 1864 truRionem
855 1793 1113 1864 sensum
1163 1795 1362 1864 tollat
1385 1846 1409 1880 ‚
1469 1819 1556 1863 an
1605 1820 1722 1891 per
1776 1790 2256 1866 subfidentiam
2303 1801 2648 1872 ventricu-'
2672 1784 2753 1889 {¹22
2775 1783 3002 1886 stiffi&

383 1892 609 1963 lorum
640 1890 898 1963 fastam
941 1892 1012 1962 vi
1058 1891 1535 1961 contractionis
1588 1889 1866 1988 insignis
1896 1918 2034 1962 non
2072 1892 2268 1964 facile
2295 1892 2494 1968 statui
2517 1924 2637 1994 po·
2673 1889 2805 1992 2³:¹¹2,
2827 1898 3002 1999 '2⁸³2‘ss

379 1989 499 2059 test
532 2021 546 2059 ε
601 1986 721 2059 etsi
767 1986 1185 2088 probabilius
1236 1988 1378 2059 dici
1420 1987 1636 2088 potest
1662 2016 1779 2088 per
1807 1987 2287 2061 subfidentiam
2316 2014 2393 2063 ut
2427 1995 2642 2092 pluri-
2678 2002 2748 2048 δή
2770 1977 2821 2048 ³⁶

378 2113 572 2158 mum
619 2085 876 2158 sensum
920 2088 1069 2157 tolli
1113 2112 1392 2181 quoque
1426 2140 1450 2172 ,
1518 2089 1683 2182 quia
1788 2086 1977 2157 assim
2036 2109 2263 2159 motus
2311 2090 2641 2186 perversio

372 2185 694 2256 sensuum
712 2183 1171 2256 ,abolitionem
1199 2185 1517 2282 praecedit
1535 2237 1559 2271 ‚
1613 2189 1684 2257 δε
1739 2184 2018 2257 ensuum
2049 2183 2223 2258 laefio
2253 2192 2478 2261 minor
2502 2190 2595 2262 est
2614 2245 2639 2282 ‚

373 2285 598 2378 quam
632 2282 1031 2380 depravatio
1090 2306 1315 2355 motus
1341 2336 1365 2370 ‚
1424 2284 1580 2354 cilm
1648 2285 1859 2354 etiam
1900 2284 2220 2379 quaedam
2293 2285 2640 2381 hystericae

373 2383 813 2453 meminerint
839 2380 1233 2453 auditorum
1261 2435 1287 2467 ‚
1340 2388 1410 2455 &
1454 2379 2047 2458 vociferationibus
2081 2387 2452 2471 excitentur
2474 2440 2499 2474 ,
2565 2396 2639 2465 δε

375 2479 552 2555 visus
583 2480 725 2581 ipse
773 2481 919 2551 tolli
982 2481 1205 2581 potius
1271 2480 1587 2554 videatur
1624 2481 1694 2551 in
1728 2483 2068 2583 plerisque
2116 2480 2208 2558 ob
2252 2482 2635 2561 convulfio-
2996 2543 3017 2580 a

374 2606 534 2651 nem
608 2580 965 2651 oculorum
1002 2633 1027 2667 ,
1090 2582 1300 2675 quam
1337 2583 1789 2678 interceptum
1837 2581 2172 2658 influxum
2222 2583 2626 2684 spirituum:
2698 2615 2704 2621 ’
3008 2620 3014 2625 ·

372 2684 445 2750 δε
480 2677 661 2749 certe
702 2674 749 2749 fi
777 2703 1000 2749 motus
1050 2676 1459 2776 depravatur
1490 2683 1563 2749 in
1595 2670 2173 2772 hystericisaeausa
2214 2685 2630 2786 principium

371 2775 708 2847 duntaxat
741 2801 1103 2847 nervorum
1154 2802 1533 2874 occupante
1561 2829 1584 2862 ,
1610 2784 1704 2849 ’δε
1740 2780 1813 2848 in
1864 2804 1946 2852 eo
1996 2776 2376 2854 subfistente
2407 2835 2431 2869 ‚
2488 2809 2631 2854 non

367 2895 605 2945 autem
649 2872 969 2943 subeunte
1000 2874 1239 2959 altius,
1285 2879 1354 2945 ὅ(
1394 2873 1757 2946 invadente
1807 2901 2176 2951 nervorum
2229 2904 2444 2975 genus
2471 2883 2629 2953 uni-

365 2969 692 3055 versum,
757 2968 1137 3041 verosimile
1202 2968 1299 3040 est
1351 2970 1570 3042 sensus
1622 2997 1926 3048 externos
1968 2973 2240 3049 aboleri.
2275 2983 2627 3054 communi

368 3066 669 3139 :sensorio
691 3067 843 3138 laeso
868 3074 937 3141 δε
966 3066 1338 3139 subsidente
1367 3071 1634 3140 tantum
1672 3123 1694 3156 ,
1741 3096 1877 3143 non
1911 3099 2141 3146 autem
2194 3076 2486 3177 impletis
2510 3103 2625 3152 ca-

367 3169 470 3242 vis
504 3191 868 3237 nervorum
911 3168 1223 3238 animalis
1266 3167 1536 3266 spiritus
1590 3171 1982 3247 canalium;
2047 3172 2404 3273 depravari
2432 3202 2625 3250 nam-

367 3289 513 3362 que
566 3290 832 3336 motum
876 3266 1080 3337 causa
1108 3290 1376 3338 tantum
1408 3264 1765 3339 deerrante
1819 3274 1888 3341 δε
1932 3271 2249 3370 implente
2280 3276 2491 3374 spatia
2523 3277 2620 3343 in-

368 3362 654 3450 terje&a
699 3363 871 3436 duas
908 3362 1081 3436 inter
1133 3362 1561 3436 membranas
1604 3392 1683 3437 ex
1712 3365 1959 3463 quibus
1994 3372 2182 3445 nervi
2226 3396 2619 3448 nervorum·

365 3486 510 3560 que
553 3463 963 3561 principium
1010 3464 1434 3551 contexitur,
1489 3464 1600 3538 vel
1644 3468 1851 3538 etiam
1902 3494 2223 3565 quartum
2282 3472 2690 3543 duntaxat?

364 3561 827 3636 ventriculum
861 3614 884 3647 ,
938 3587 1063 3633 nec
1108 3584 1331 3633 totum
1375 3590 1800 3663 percurrente
1840 3573 1910 3641 δι
1956 3566 2303 3641 dilabente
2351 3569 2422 3635 in
2466 3591 2613 3639 ner-

365 3659 610 3734 vofiam
660 3684 876 3755 genus
921 3664 1253 3750 conjicere
1294 3660 1388 3735 est
1430 3688 1578 3736 tum
1631 3691 1713 3737 ex
1764 3666 1953 3737 facili
1984 3666 2389 3737 resolutione
2418 3663 2611 3740 affec-
2697 3742 2706 3758 ,
2803 3749 2819 3766 ⁶

364 3783 512 3844 ωε,
567 3783 717 3830 tum
767 3784 848 3830 ex
890 3785 974 3831 eo
1011 3758 1203 3856 quod
1236 3761 1553 3861 paralysis
1581 3764 1751 3835 ali-as
1804 3764 2296 3855 relinqueretur
2353 3765 2424 3836 in
2460 3788 2605 3840 toto
2645 3742 2968 3869 {¹⁶:⁸12ssss

356 3857 645 3927 nervoso
707 3882 974 3955 genere.
1033 3858 1132 3932 Ut
1180 3884 1258 3931 ut
1307 3858 1394 3932 fit
1431 3887 1659 3935 autem
1703 3885 1951 3960 parum
1997 3857 2266 3931 interest
2306 3861 2602 3940 sensusne
2641 3859 2957 3964 {22202222‘

363 3953 655 4026 laedatur
696 3958 983 4056 oppletis
1029 3962 1247 4031 nervis
1282 3986 1401 4059 per
1434 3954 1822 4066 epigenefin
1841 4012 1864 4045 ‚
1890 3958 2001 4032 seu
2038 3964 2602 4060 propagationem
2639 3989 2718 4080 εἴ*
2756 3977 2972 4082 ‘5⁸23-

274 4090 279 4091 ‘
363 4055 669 4145 materiae
705 4056 1048 4159 apostico
1081 4056 1358 4157 cerebro
1386 4058 1463 4147 in
1492 4076 1798 4153 anucum
1831 4057 2093 4168 fastam
2116 4111 2144 4167 2
2184 4083 2276 4142 an
2303 4088 2425 4166 per
2448 4062 2604 4153 sub·
2661 4046 2734 4135 οἳ.
2801 4043 2859 4088 “
