3593 5087
803 412 875 488 A
977 406 1564 491 nimivm
1664 351 2281 488 SEROSA,'
2522 418 2672 514 389

501 543 669 619 Non
721 542 939 616 solium
967 545 1152 614 enim
1194 543 1369 615 nulli
1407 542 1624 612 ichori
1671 538 1891 611 serum
1943 537 2327 640 permisceri
2355 566 2433 612 ex
2475 540 2677 615 diens

406 646 559 717 satis
595 642 858 717 constat
904 696 926 730 ,
968 640 1084 712 secl
1111 667 1332 736 neque
1367 640 1686 736 sanguini
1712 635 1836 736 ipsi
1875 641 2253 736 intelligere
2297 637 2388 709 est
2422 667 2501 711 ex
2551 669 2633 712 eo
2653 694 2678 728 ,

407 743 601 838 quod
631 744 1254 841 supputatumnon
1295 744 1541 837 excipit
1580 745 1649 811 &
1698 736 1997 833 sequitur
2043 736 2356 809 dolorem
2385 738 2684 809 arthriti-

406 865 570 913 cum
606 895 631 928 ,
672 838 932 913 tametsi
962 842 1033 908 in
1063 836 1475 933 quibusdam
1510 835 1625 910 sed
1681 836 2072 934 plethoricis
2104 836 2487 907 admodilm
2531 862 2682 908 cor-

405 938 686 1039 poribus
736 939 1129 1032 contingere
1181 937 1562 1031 aliquando
1614 933 1916 1006 vidimus
1978 940 2046 1008 ὅ(
2104 935 2306 1006 valde
2358 933 2532 1007 raro.

509 1036 704 1109 OBS.
762 1032 1109 1112 CXXXII.
1169 1040 1318 1107 Hoc
1377 1039 1536 1107 certe*
1592 1035 1847 1103 tantum
1912 1031 2238 1127 obfirvavi
2288 1037 2359 1103 in
2407 1038 2684 1132 quodam
2724 1043 3055 1148 neqnhsiqmp

404 1136 658 1208 homine
688 1137 918 1209 voi-ace
944 1132 1019 1205 ό·
1046 1135 1393 1205 admodum
1441 1139 1653 1213 bzbace
1682 1129 1754 1201 ό·
1789 1134 1972 1201 alias
1992 1132 2368 1227 sanguineo
2400 1129 2687 1224 :st-ilicet
2726 1106 3057 1209 ibnlfiissi'emi

395 1238 648 1331 partim
682 1233 801 1319 ulii
838 1237 983 1308 vini
1007 1286 1032 1320 ,
1054 1237 1302 1327 partim
1337 1237 1584 1303 ratione
1608 1230 1821 1321 febris
1825 1227 2120 1323 sanguis
2158 1236 2284 1325 ipJe
2315 1255 2490 1303 totus
2515 1239 2688 1306 ebul·
2727 1219 3059 1321 ξ’·,ῗαζζξᾞζζ

396 1337 575 1405 liens
609 1386 631 1420 ,
660 1359 792 1402 non
838 1331 1520 1424 autemsozusserofies
1553 1330 1788 1400 humor
1811 1330 2109 1422 orgasmo
2138 1335 2421 1427 quodam
2443 1338 2682 1404 articu-
2729 1333 2795 1381 ‘³-

397 1440 511 1502 los
564 1434 930 1525 impetebat,
955 1434 1162 1527 ibique
1188 1433 1335 1500 ciem
1360 1431 1594 1522 refilire
1622 1433 1693 1497 in
1730 1423 1891 1518 vasa
1915 1454 2049 1497 non
2079 1428 2273 1523 poffit
2304 1437 2516 1500 calore
2533 1460 2693 1526 par-

396 1533 494 1601 tis
519 1533 595 1600 in
608 1557 739 1625 pus
767 1528 1113 1623 faceffibat
1130 1581 1150 1613 ,
1179 1530 1351 1626 quod
1392 1534 1587 1601 etiam
1616 1526 1946 1613 viamstbi
1960 1529 2236 1614 jaciens
2273 1553 2467 1599 extra
2484 1556 2700 1600 erum-

393 1635 608 1726 pebat.
664 1627 851 1700 Nam
884 1626 1076 1723 quod
1101 1629 1176 1697 in
1201 1628 1446 1720 illustri
1509 1650 1747 1717 aegroto
1775 1627 1986 1721 nostro
2020 1624 2224 1728 rubor
2269 1626 2696 1725 quandoque

396 1725 890 1826 splendesceret
929 1728 999 1797 in
1030 1749 1223 1827 parte
1247 1726 1428 1798 male
1477 1723 1721 1797 affeaa
1743 1777 1767 1812 ‚
1799 1727 1852 1795 is
1877 1724 2056 1796 certe
2106 1750 2245 1796 non
2275 1729 2314 1799 *a
2363 1726 2697 1824 sanguine

399 1823 760 1897 obsidente
786 1827 1151 1898 articulum
1181 1824 1296 1897 sed
1331 1828 1557 1925 potihs
1581 1826 1620 1894 ὲ.
1654 1824 2003 1923 praesentia
2032 1824 2297 1921 spiritus
2320 1826 2538 1898 vitalis
2563 1824 2695 1898 five

400 1924 578 1997 illuc
605 1926 646 1995 ὲ
691 1924 1206 1997 medicamentis
1241 1925 1483 1998 calidis
1520 1924 1746 1995 aneffl
1774 1919 1904 1995 sive
1946 1924 2169 2020 potii-is
2189 1923 2423 2021 sponte
2459 1924 2697 2024 allapfi

407 2049 549 2124 pro
574 2047 764 2095 more
789 2024 929 2094 suo.
956 2022 1221 2103 Scilicet
1254 2022 1519 2121 spiritus
1553 2022 1774 2097 vitalis
1798 2019 1891 2091 ad
1909 2047 2170 2119 partem
2199 2047 2475 2094 omnem
2503 2023 2695 2095 labo-

399 2145 680 2194 rantem
712 2129 781 2196 &
823 2122 1187 2221 praesertim
1214 2120 1562 2195 dolentem
1596 2120 1831 2220 sponte
1855 2118 1972 2191 fua
2005 2145 2355 2195 accurrere
2409 2120 2577 2195 solet
2622 2129 2695 2199 &

411 2218 763 2319 quamdiu
792 2245 991 2318 urget
1040 2220 1261 2291 dolor.

511 2326 734 2414 Atque
766 2317 898 2388 lzoec
921 2319 1368 2416 demonstratio
1397 2320 1439 2392 ci
1469 2323 1828 2390 conditione
1851 2322 2127 2392 tumoris
2153 2348 2300 2395 cum
2337 2325 2555 2394 dolore
2587 2352 2696 2396 ar-

396 2418 498 2490 tbr
511 2420 670 2491 itico
737 2417 1059 2509 conjunbli
1084 2423 1249 2488 certo'
1285 2422 1714 2517 evidenterque
1760 2422 2132 2501 concludit,
2157 2423 2540 2515 propqsr'tam
2582 2452 2694 2495 ar-

397 2517 738 2589 thritidem
770 2520 973 2589 unius
973 2515 1191 2609 firofi
1202 2517 1495 2589 humoris
1523 2515 2021 2613 &impermixti
2049 2518 2152 2614 effi
2156 2520 2442 2612 sobolem
2461 2577 2483 2611 ,
2505 2546 2697 2623 atque

400 2615 703 2707 eamfere
730 2617 995 2709 caufizm
1041 2615 1148 2709 effi
1197 2623 1461 2689 omnino'
1489 2624 1562 2689 in
1616 2624 1988 2711 universum
2034 2620 2406 2692 arthritidis
2429 2675 2454 2709 ,
2485 2650 2693 2718 quan·

396 2714 1138 2814 doquidemferepaffim
1165 2739 1377 2787 tumor
1403 2717 1511 2787 hic
1552 2712 1761 2811 perse
1791 2717 2074 2810 sukfidet
2112 2718 2186 2789 ό·
2238 2722 2403 2789 citra
2443 2721 2690 2812 fieppu-

398 2838 631 2885 ratum
659 2861 687 2892 ,
720 2812 795 2884 ό·
821 2840 1201 2908 quanquam
1254 2819 1618 2908 aliquando
1667 2817 1904 2907 tophus
1937 2817 2188 2906 aliquis
2244 2819 2637 2908 relinquitur
2662 2871 2690 2904 ,

402 2914 575 3010 quia
602 2914 663 2979 is
700 2910 934 3003 tophus
948 2912 1046 2999 fit
1070 2916 1150 2980 ab
1177 2910 1381 2979 ichore
1405 2911 1633 2997 biliofh
1645 2910 1873 3000 serfim
1906 2913 1946 2981 a*
1971 2916 2185 2980 calore
2210 2915 2342 2981 loci
2376 2935 2696 3002 concreto,

398 3032 534 3082 aut
578 3009 769 3078 etiam
807 3008 1014 3078 ici-hore
1050 3007 1491 3102 pituitqlosbu
1538 3010 1795 3078 mucido
1831 3013 1862 3077 e'
1917 3011 2118 3103 capite
2170 3013 2430 3106 delapso
2450 3064 2475 3098 ,
2493 3038 2691 3107 prout

399 3109 631 3181 nodus
640 3105 767 3200 stu
806 3110 1089 3202 lapillus
1115 3130 1448 3178 concretus
1443 3112 1688 3204 flavus
1718 3109 1800 3201 est
1823 3131 1940 3180 aut
1963 3113 2275 3185 cinereus3
2301 3135 2511 3183 tamen
2532 3117 2690 3183 raro'

377 3206 768 3302 supputato
838 3209 1219 3277 terminatur
1252 3257 1276 3293 ‚
1297 3202 1785 3298 fidresolvitur
1815 3206 2068 3299 serfffi'm.
2110 3211 2235 3279 Ex
2270 3239 2397 3307 quo
2443 3239 2696 3309 aqueus

382 3305 596 3401 solus
625 3303 855 3375 humor
890 3309 1118 3402 quippe
1154 3304 1568 3398 resolutionis
1583 3312 1845 3400 patiens
1862 3305 2020 3397 ,·sed
2038 3310 2145 3375 cui
2167 3307 2405 3381 iclzoris
2429 3311 2689 3382 terreni-

394 3431 484 3484 γε
510 3408 896 3473 excrementi
923 3406 1181 3499 aliquid
1219 3405 1299 3497 est
1340 3403 1659 3498 aspersum
1684 3458 1705 3492 ,
1737 3402 2075 3500 necfftrio'
2106 3412 2427 3501 arguitur.

511 3499 680 3597 Age
711 3524 787 3571 ut
814 3503 1098 3597 constare
1118 3502 1305 3600 pqffit
1360 3528 1498 3598 quae
1538 3503 1736 3596 causa
1761 3503 2015 3576 humori
2059 3513 2382 3578 articulos
2413 3509 2686 3578 irruenti

393 3602 512 3671 det
540 3600 847 3695 impetum
862 3655 886 3689 ‚
924 3603 1118 3695 prius
1143 3603 1184 3672 a*
1208 3605 1402 3671 nobis
1428 3605 1501 3671 de
1533 3602 1747 3694 febris
1772 3630 1917 3674 cum
1951 3602 2289 3674 arthritide
2332 3602 2687 3698 conjundae
3056 3658 3065 3662 τ

385 3700 611 3797 specie
635 3702 1108 3796 inquirendum.
1161 3698 1546 3775 Enimverb‘
1575 3728 1978 3798 quanquam
2011 3701 2401 3789 hujusmodi
2426 3701 2680 3776 febrem
2718 3705 2925 3811 ώξζξξζὲ·
2960 3718 3047 3762 ²¹·

396 3795 656 3900 paflim
676 3821 914 3870 omnes
936 3798 1078 3892 sym
1130 3802 1529 3871 tomaticam
1556 3801 1931 3899 indigitant
1953 3852 1978 3886 ,
1999 3824 2225 3871 tamen
2254 3826 2327 3873 ut
2351 3798 2679 3875 assensum
2716 3783 2907 3878 iunfl⁸a⁸
2943 3787 3052 3872 ‘3²3

397 3894 781 3968 cohibeam
806 3899 1024 3969 multa
1081 3899 1354 3973 uadent.
1393 3898 1582 3973 Nam
1611 3899 2143 3999 symptomaticae
2185 3898 2401 3974 febres
2435 3901 2677 3974 dicun-
2716 3878 3049 3995 ffuicrffm'

398 4021 525 4069 tur
581 3999 651 4063 δε
699 3995 851 4067 sunt
884 4020 979 4067 eae
1005 4049 1028 4082 ,
1071 4021 1498 4091 quaecunque
1532 3997 1835 4092 aliquem
1887 3998 2101 4068 alium
2139 4000 2540 4095 primarium
2581 4002 2681 4072 af-

394 4090 690 4170 §eamn
712 4096 784 4170 &c
808 4094 1172 4190 praesertim
1205 4118 1364 4168 cum
1391 4093 1632 4171 dolore
1669 4095 2120 4190 ‚conjunzstum
2138 4096 2508 4200 sequuntur
2553 4127 2705 4206 pro.
