3593 5087
951 377 1099 477 264
1180 374 1604 468 nomn
1684 374 2215 454 vE-Nrms
2291 370 3012 453 INFERIORIS

892 583 899 586 .
1044 502 1238 592 Quin
1267 508 1474 577 etiam
1520 508 1590 577 in
1631 505 2135 578 continentibus
2168 506 2462 580 febribus
2476 563 2499 596 ,
2556 516 2626 583 ὃς
2667 509 3033 608 praesertim
3070 504 3156 581 iis
3175 526 3219 598 ,ζ

945 626 1099 698 quae
1122 600 1477 706 phlogolin
1525 604 1872 703 sanguinis
1906 605 2201 677 arteriofi
2249 608 2750 702 consequuntur
2778 663 2801 697 ‚
2847 633 2928 679 cu
2934 614 3036 697 jus
3065 633 3199 679 tec·

943 704 1224 778 min-ium
1275 729 1537 800 magna
1573 706 1829 801 linguae
1885 706 2292 803 nigrities&
2343 708 2627 778 ariditas
2655 760 2680 794 ,
2735 704 2782 777 fi
2825 701 3193 804 praesertim

942 797 1220 898 insignis
1263 801 1535 873 habitus
1565 797 1867 902 corporis
1906 800 2194 875 densitas
2241 804 2373 879 five
2409 809 2671 877 ratione
2695 809 2907 876 aetatis
2926 805 3055 879 slve
3081 833 3195 877 ra-

939 898 1129 969 tione
1162 899 1660 985 constitutionis
1720 906 2044 1001 temporis
2100 899 2442 975 accesserit
2471 959 2494 994 ,
2541 904 2956 1005 experientia
2993 903 3200 976 docet

940 997 1177 1071 alvum
1232 996 1518 1094 liquidis
1581 996 1892 1074 diffluere
1935 1007 2374 1075 excrementis
2414 1056 2439 1094 ,
2486 1002 2628 1075 etsr
2664 1002 2890 1086 minus
2942 999 3198 1075 biliosis

940 1098 1152 1193 quam
1200 1099 1271 1167 in
1301 1097 1772 1198 superioribus.
1955 1167 1958 1172 .
3217 1109 3224 1118 ’

609 1207 683 1311 ¹¹2⁶,
701 1205 918 1311 dimano
1044 1194 1241 1267 OBS.
1299 1193 1541 1269 LXXI.
1601 1202 1889 1271 Memini
1944 1202 2225 1295 equidem
2280 1201 2352 1270 in
2417 1200 2742 1298 Illustriffi
2766 1195 3137 1292 Arrhritico
3165 1247 3218 1286 ,‚

590 1280 914 1372 tirnaio?
944 1297 1015 1364 de
1039 1323 1164 1391 quo
1178 1299 1392 1387 pellea
1432 1348 1454 1381 ,
1504 1291 1576 1365 ό·
1610 1303 1757 1367 ante'
1784 1304 1854 1367 in
1893 1298 2156 1392 historici
2191 1301 2468 1395 lethargi
2516 1303 2993 1371 intermittentis
3013 1351 3037 1386 ,
3095 1323 3196 1369 eo-

941 1403 1126 1490 loque
1136 1395 1344 1486 febris
1372 1393 1641 1485 'decursu
1682 1396 1988 1489 ejusmodi
2020 1401 2159 1489 seri
2193 1402 2521 1472 diluvium
2560 1429 2675 1495 per
2722 1408 2951 1472 alvum
2998 1399 3195 1491 obfir-

940 1493 1104 1588 ’‘affi
1130 1522 1224 1566 me
1246 1493 1477 1584 sedulo
1494 1500 1745 1589 semper
1770 1548 1788 1579 ,
1848 1524 2224 1593 quanquam
2251 1505 2504 1593 pluries
2527 1503 2742 1592 febris
2783 1502 2858 1569 in
2895 1526 3071 1570 anno
3095 1526 3191 1569 re-

610 1687 615 1690 ·
935 1619 1165 1688 peteret
1190 1647 1211 1678 ,
1262 1590 1335 1664 ό·
1367 1593 1457 1663 ad
1487 1595 2041 1690 quadragesimum
2092 1600 2258 1667 diem
2283 1622 2667 1671 excurreret.
2817 1664 2834 1670 -

621 1695 798 1801 *13¹⁰*
822 1703 915 1808 (θὶς
1040 1691 1307 1766 Scilicet
1340 1693 1412 1764 in
1461 1693 1593 1763 illis
1642 1693 1940 1768 febribus
1981 1694 2298 1771 omnibus
2353 1696 2653 1771 fervente
2694 1694 2929 1771 sivein
2989 1719 3140 1769 toto
3165 1749 3192 1783 ,

594 1773 641 1807 ⁸⁸
702 1774 1072 1864 '‘⁸⁰‘'s1ve
1097 1791 1432 1892 praecipue
1487 1792 1665 1861 circa
1719 1795 1927 1892 hepar
1970 1795 2300 1893 sanguine
2346 1799 2648 1869 maxima
2711 1798 2936 1896 portio
2996 1796 3191 1870 serofi

937 1892 1243 1964 humoris
1271 1893 1385 1963 lon
1440 1890 1476 1961 ὲ
1512 1890 1784 1987 lateque
1831 1891 2259 1966 effervescens
2288 1948 2311 1983 ,
2364 1897 2699 1993 porosque
2759 1894 3026 1966 habitus
3078 1920 3195 1967 oc-

936 1989 1156 2064 clusos
1184 1916 1530 2063 offencfiens
1566 2043 1592 2076 ‚
1644 1997 1713 2064 δε
1744 1992 2039 2091 maxime
2066 1992 2112 2065 fi
2137 1991 2223 2064 ab
2251 1994 2594 2068 ambiente
2630 1995 2991 2092 repellatur
3018 2045 3042 2081 ‚
3089 1993 3195 2064 fa-

942 2089 1072 2162 cile
1101 2113 1235 2190 prae
1274 2090 1640 2166 vernacula
1678 2092 2010 2166 tenuitate
2059 2088 2417 2192 despumat
2459 2119 2577 2193 per
2609 2117 2840 2194 portas
2865 2090 3190 2167 viscerum

939 2193 1012 2268 in
1048 2186 1514 2268 mesentericos
1543 2214 1814 2277 ramos,
1868 2189 2169 2287 indeque
2219 2194 2289 2263 in
2328 2192 2645 2267 intestina
2669 2247 2692 2282 ,
2731 2193 2890 2263 cum
2915 2190 3192 2287 sanguis

938 2290 1214 2385 reliquis
1245 2288 1502 2362 fervore
1531 2313 1859 2388 concepto
1892 2313 2277 2362 attenuatus
2330 2294 2404 2363 in
2468 2316 2670 2389 poros
2695 2290 3189 2393 parenchyma·

934 2409 1089 2468 tum
1119 2385 1448 2461 viscerum
1496 2384 1726 2460 subeat
1750 2388 1981 2486 sponte
2012 2388 2128 2461 sua
2153 2444 2176 2477 ‚
2227 2388 2339 2463 vel
2367 2392 2575 2468 etiam
2601 2390 2921 2462 attractus
2947 2440 2973 2475 ‚
3014 2387 3190 2477 ejus·
3263 2453 3292 2482 ‚.

940 2511 1079 2581 que
1149 2484 1461 2556 ichoroffi
1501 2487 1816 2584 portione
1866 2513 2025 2562 cum
2081 2484 2623 2567 sero·diffluente
2667 2483 3192 2564 craffamentum

930 2604 1284 2656 terrenum
1317 2582 1619 2655 restitans
1657 2585 1871 2661 viscus
1906 2584 2152 2660 reddat
2187 2586 2584 2663 scirrhosum
2602 2641 2625 2676 ‚
2677 2594 2748 2662 &
2791 2583 3192 2665 indomabi-

939 2684 1078 2756 lem
1110 2681 1436 2759 duritiem
1466 2683 1827 2781 relinquat.

587 2776 877 2833 ’‘⁰⁸⁰⁰²¹‘⁸
894 2812 914 2838 ⁸
1038 2780 1466 2881 Quanquam
1494 2784 1724 2857 autem
1741 2782 2157 2878 ejuscemodi
2183 2782 2592 2874 dejeC’tio‘nes
2618 2782 2774 2856 vere
2802 2782 2951 2859 sunt
2973 2783 3198 2883 symp‹

938 2882 1280 2963 romaticae
1308 2937 1331 2975 ‚
1387 2885 1552 2979 quia
1589 2883 1657 2957 in
1692 2881 1918 2955 morbi
1979 2885 2318 2983 principio
2363 2891 2435 2958 &
2473 2882 2829 2969 cruditatis
2882 2883 3194 2981 superve-

938 2985 1138 3054 niunt
1195 3006 1542 3084 tompore,
1586 3006 1813 3054 tamen
1857 2985 2054 3055 utiles
2115 2980 2264 3053 sunt
2314 2980 2645 3057 habendae
2683 3036 2706 3070 ,
2781 2983 2939 3056 cum
2986 3007 3195 3053 mate-

941 3079 1115 3156 riam
1148 3079 1578 3157 morbificam
1613 3083 1780 3154 ali'as
1838 3109 1953 3182 per
1989 3078 2306 3156 sudorem
2337 3135 2361 3167 ‚
2404 3107 2519 3153 aut
2547 3083 2820 3157 urinam
2853 3079 3192 3152 abituram

941 3180 1351 3255 imminuant
1403 3180 1702 3277 ideoque
1761 3178 2117 3267 smendae'‚
2185 3177 2379 3273 quod
2424 3184 2494 3254 in
2558 3180 2758 3280 copia
2804 3206 2938 3253 non
2991 3179 3200 3250 valde

944 3275 1319 3353 exorbitare
1348 3280 1647 3365 soleant,
1701 3287 1769 3355 &
1823 3305 2067 3357 natura
2098 3277 2487 3351 alias'facile
2534 3277 2747 3366 ferat,
2802 3273 2915 3349 etfi
2968 3278 3197 3359 minus

944 3378 1153 3475 quam
1176 3374 1488 3450 sudorem
1509 3402 1628 3449 aut
1647 3381 1937 3450 urinam.
1967 3382 2405 3471 Experientid
2434 3381 2594 3449 certe'
2610 3377 3015 3471 comprobavi
3019 3366 3210 3466 sem·-⁴

941 3507 1052 3575 per
1059 3476 1274 3569 febres
1292 3480 1483 3549 abiis
1510 3479 1815 3549 imminui
1831 3505 1960 3547 non
1984 3479 2382 3557 mediocriter
2406 3529 2428 3561 ,
2447 3480 2703 3569 excipio
2738 3498 2951 3544 tamen
2978 3470 3198 3570 easque

876 3626 879 3629 ι
945 3605 1093 3648 cum
1107 3576 1481 3675 phlegmone
1498 3573 1975 3667 viscerumsunt
2005 3572 2355 3665 conjunbloe
2391 3572 2464 3646 ό·
2478 3571 2786 3665 sere'sunt
2819 3572 3082 3645 lethales
3113 3596 3202 3641 ex

926 3672 1008 3767 se
1032 3679 1101 3745 in
1129 3680 1361 3772 quihus
1377 3678 1628 3767 exigua
1656 3667 1918 3744 utilitas
1958 3699 2044 3739 ex
2071 3668 2382 3761 ejusmodi
2413 3671 2863 3768 dejeflionibus
2922 3692 3196 3743 emanat.

621 3791 815 3860 curniq
843 3805 922 3852 per
1048 3772 1224 3859 Quae
1238 3800 1396 3845 cum
1420 3775 1514 3843 ita
1536 3768 1666 3844 ⁴sint
1680 3825 1702 3859 ‚
1729 3772 1818 3841 iis
1847 3771 2143 3840 remediis
2165 3768 2499 3847 duntaxat
2522 3773 2711 3846 locus
2730 3764 2858 3844 effe
2875 3767 3140 3841 videtur
3162 3820 3189 3853 ‚

598 3865 877 3925 9⁰⁸⁸⁸”‘“'
949 3897 1083 3969 quae
1117 3875 1522 3966 astringendo
1555 3867 2250 3968 roborandoquefimul
2272 3896 2578 3963 -purgare
2617 3874 2841 3961 serum
2873 3892 3020 3936 cum
3074 3868 3201 3940 hile

951 3976 1342 4065 experientia
1375 3975 1584 4058 docet,
1626 3971 1706 4039 ‘in
1734 3996 1875 4067 quo
1906 3995 2154 4069 genere
2178 3968 2516 4039 familiam
2547 3969 2738 4041 ducit
2790 3965 3007 4038 rheam
3043 3971 3194 4036 Irar-

949 4067 1466 4169 barum.1taque
1502 4097 1582 4144 ex
1612 4066 1733 4144 usu
1768 4094 1962 4144 erunt
1990 4066 2278 4169 insu-siim
2313 4079 2459 4166 ejus
2485 4094 2572 4143 ex
2618 4063 2864 4143 decedo
2901 4069 3194 4160 myroba-

2089 4194 2092 4203 ·
2271 4196 2281 4205 ·
2397 4207 2406 4217 ·
2511 4196 2518 4203 ·
2695 4240 2754 4275 A
2838 4171 3138 4251 lanwum
3163 4200 3238 4265 a,
