3593 5087
917 398 1065 498 460
1772 395 2370 476 FEBRES

921 522 1269 624 perientiae
1295 520 1435 598 fide
1464 574 1487 612 ‚
1522 521 1743 599 variat
1765 521 2105 615 mirifice,
2136 521 2268 600 {ive
2299 522 2747 596 intentionem
2768 517 3208 621 gradumque
3230 573 3231 576 ,

924 622 1300 724 spessemus
1321 623 1561 696 caloris
1593 678 1618 715 ‚
1665 629 1791 722 qui
1821 625 2047 699 modb'
2067 630 2290 716 major
2323 621 2589 712 5modb
2623 624 2852 693 minor
2887 621 3015 698 est;
3058 621 3196 693 five

933 715 1199 822 tempu's
1216 706 1594 796 dtirationis
1610 750 1689 795 ac
1707 725 1996 825 vigoris,
2011 728 2121 800 vel
2141 722 2552 796 succedentis
2568 719 3056 795 intermiffionis
3075 745 3201 792 aut

933 823 1330 895 remiffionis'
1349 848 1604 919 ,atque
1621 826 1802 898 vices
1829 824 2257 921 recursusque
2284 819 2781 894 confideremus
2800 870 2825 907 ,
2847 816 2977 893 five
2992 823 3202 910 etiam

567 895 900 1021 ‚3353ssss
937 924 1203 1011 caloris,
1216 925 1704 1019 contrariaeque
1719 924 1928 995 calori
1945 922 2457 1021 qualitati3,hoc
2478 919 2598 1008 est,
2618 920 2892 1019 frigoris
2911 921 3211 1018 recipro-

568 1010 663 1114 ῗᾶ,
675 1010 904 1115 ’ἷζζξῖω
940 1025 1264 1109 catione5‚
1290 1033 1552 1114 causam
1577 1023 1732 1107 fane
1758 1025 2233 1116 calefacientem
2260 1024 2511 1117 corpori
2520 1048 2547 1090 5
2572 1020 2863 1090 habitum
2882 1016 2956 1088 ό·
2973 1018 3209 1108 febrem

937 1126 1290 1193 inurentem
1315 1150 1385 1192 eo
1403 1128 1601 1217 plane'
1619 1120 1724 1218 effi
1744 1125 2006 1216 ingenio
2029 1119 2250 1215 neceffe
2282 1124 2385 1217 est,
2412 1145 2483 1191 ut
2502 1121 2688 1190 modo*
2706 1118 3025 1188 hominem
3042 1121 3207 1214 affa-

934 1225 1053 1292 tim
1050 1223 1190 1315 fita
1213 1220 1529 1317 presentia.
1545 1222 1886 1309 calefacere
1902 1231 2004 1297 vel
2030 1221 2316 1313 absentia
2341 1222 2712 1313 refrigerare
2736 1270 2759 1305 ,
2784 1221 2975 1287 modo
3000 1223 3203 1286 inten-

913 1317 1073 1412 sum
1123 1345 1242 1391 aut
1301 1321 1618 1417 remiffizm
1682 1325 2055 1415 imprimere.
2097 1329 2376 1392 calorem
2406 1369 2431 1400 ,
2474 1320 2663 1408 modo*
2702 1322 3097 1387 continenter
3133 1317 3205 1384 id

878 1430 890 1444 '
923 1431 1221 1516 praestare
1247 1445 1364 1492 aut
1391 1422 1661 1514 pausam
1673 1419 1884 1511 ficere
1900 1476 1924 1511 ‚
1944 1450 2025 1492 ac
2046 1449 2153 1514 per
2179 1424 2351 1494 vices
2388 1443 2644 1514 repetere
2657 1415 2845 1515 pqffit
2871 1446 2885 1483 :
2919 1443 3060 1512 quae
3075 1441 3204 1485 non

930 1523 1123 1590 aliter
1145 1519 1426 1614 profeci&
1437 1519 1660 1610 facere
1683 1523 1881 1615 potest
1914 1574 1935 1605 ‚
1967 1520 2095 1610 nist
2112 1524 2269 1617 quia
2296 1522 2435 1613 ipsa
2449 1521 3000 1609 fervoremsacile
3036 1514 3203 1610 affu-

826 1638 830 1641 ’
929 1644 1093 1689 mere
1129 1643 1246 1689 aut
1297 1622 1596 1713 deponere
1629 1673 1654 1708 ,
1703 1618 1777 1689 ό·
1829 1616 2058 1714 rursus
2101 1616 2400 1711 resumere
2445 1640 2607 1687 nata
2646 1617 2764 1710 est,
2804 1624 2907 1689 vel
2944 1622 3208 1708 penitus

931 1721 1165 1808 resolvi
1195 1725 1354 1788 certe
1381 1746 1468 1789 ex
1501 1742 1684 1816 parte
1712 1771 1734 1804 ,
1775 1727 1878 1793 vel
1909 1720 2171 1817 denique
2219 1741 2411 1789 extra
2440 1742 2673 1813 corpus
2701 1718 2874 1785 abire
2923 1712 2999 1784 ό·
3047 1716 3208 1806 dese·>

932 1846 1062 1890 rere
1094 1825 1475 1915 quacunque
1528 1820 1804 1889 ratio'ne.
2382 1819 2385 1822 ’

613 1936 741 1995 Qun
762 1943 899 1994 atter.
1033 1921 1224 2012 Quas
1249 1923 1424 2010 sane
1453 1926 1847 1991 alternantes
1891 1914 1966 1990 ό
2002 1921 2231 1993 varias
2257 1917 2650 1989 mutationes
2684 1937 2754 1985 ut
2789 1941 2900 1985 cor
2936 1909 3207 2005 viscera-

571 2004 902 2054 ”⁸⁰‘''⁸‘'⁸·
938 2043 1055 2112 que
1078 2016 1303 2110 fiebire
1348 2047 1429 2088 ac
1461 2022 1776 2109 sustinere
1822 2045 1955 2090 non
1987 2018 2216 2117 poffint
2252 2070 2275 2105 ,
2310 2043 2511 2089 nemo
2563 2016 2755 2087 sanus
2800 2029 2942 2083 no'n
2973 2013 3158 2085 videt
3181 2068 3217 2102 ,

569 2051 661 2098 clu
691 2068 900 2114 mutatio.

569 2119 802 2235 2⁶:21?ss
821 2141 908 2234 ,εῖτ
939 2115 1063 2213 qui
1108 2119 1293 2189 enim
1335 2116 1481 2188 fieri
1527 2116 1745 2217 potest
1788 2144 1865 2190 ut
1892 2117 2121 2190 cordis
2149 2119 2454 2216 corporis
2480 2115 2726 2186 scilicet
2752 2092 3003 2198 solidi,
3038 2112 3203 2183 den-

567 2236 677 2328 32¹·
758 2202 907 2294 min]
941 2214 988 2288 fi
1011 2270 1034 2305 ,
1061 2217 1605 2317 compastique(
1631 2216 1822 2289 idem
1847 2215 1987 2289 esto
2015 2217 2104 2290 de
2127 2217 2379 2288 caeteris
2404 2211 2764 2288 visceribus
2788 2212 3127 2302 judicium
3154 2213 3201 2305 >

633 2297 884 2366 ἠ’ωωῑ
935 2318 1081 2389 imo
1142 2316 1526 2391 substantiae
1564 2321 1709 2407 ejus
1757 2317 2050 2389 carnosae
2107 2340 2227 2388 aut
2291 2313 2654 2413 spirituosae
2682 2365 2705 2398 ‚
2751 2337 2936 2407 quas·
2968 2317 3069 2384 CI.
3121 2316 3207 2404 L‚

930 2420 1283 2493 Mercatus
1339 2415 1716 2507 subjessum
1777 2417 2214 2518 putridarum
2263 2420 2334 2487 &
2411 2413 2786 2490 diariarum
2829 2408 3066 2482 statuit
3133 2437 3206 2483 ut

931 2539 1101 2613 puta
1144 2519 1443 2591 viventes
1502 2540 1725 2615 partes
1752 2569 1773 2600 ,
1858 2513 1932 2585 ui
1969 2515 2116 2586 fieri
2141 2569 2164 2602 ‚
2196 2517 2483 2609 inquam
2505 2566 2528 2601 ,
2578 2509 2791 2611 potest
2823 2564 2848 2599 ,
2873 2535 2948 2582 ut
2980 2510 3203 2582 cordis

931 2615 1363 2713 intemperies
1384 2612 1696 2684 morbosa
1723 2542 2044 2709 sagaque
2072 2640 2148 2685 ex
2170 2610 2489 2684 brevibus
2518 2612 2842 2710 temporis
2883 2612 3205 2683 interval-

932 2714 1057 2800 lis,
1119 2716 1298 2783 nunc
1342 2711 1735 2784 intendatur
1767 2764 1789 2797 ,
1821 2736 2000 2782 nunc
2055 2711 2370 2782 lentescat
2396 2764 2419 2799 ,
2483 2712 2591 2783 vel
2640 2712 2846 2799 etiam
2886 2708 3194 2780 desubito

933 2838 1016 2903 ac
1057 2813 1323 2912 penitus
1361 2806 1674 2898 facessat,
1714 2815 1783 2883 δε
1827 2836 1986 2882 cum
2022 2810 2357 2882 mediocri
2404 2833 2612 2904 atque
2660 2809 2957 2879 naturali
3006 2834 3195 2879 com-

931 2936 1231 2984 mutetur
1255 2965 1279 3000 ,
1307 2935 1426 2981 aut
1449 2912 1685 2997 ‘etiam
1718 2909 2144 3005 quandoque
2178 2911 2246 2981 in
2275 2935 2645 2980 extremam
2676 2915 2744 2981 &
2792 2910 3205 2979 contrariam

931 3010 1296 3108 derepente
1342 3012 1630 3107 migret,
1677 3034 1976 3104 moxque
2005 3008 2121 3079 fibi
2153 3011 2325 3079 intra
2348 3006 2565 3094 'unam
2618 3031 2736 3078 aut
2762 3007 3046 3079 alteram
3085 3009 3199 3079 ho-

927 3109 1152 3182 rulam
1195 3107 1597 3180 restituatur.
1648 3106 1838 3179 Nam
1868 3111 1941 3179 in
1974 3105 2451 3179 intermistione
2484 3105 2776 3178 febrium
2822 3106 3200 3204 periodica-

844 3257 852 3265 ·
925 3233 1083 3282 rum
1122 3205 1364 3278 sudore
1412 3205 1920 3306 superveniente
1954 3208 2139 3278 calor
2167 3206 2324 3278 ant'e
2358 3208 2601 3304 igneus
2652 3211 2940 3276 omnino
2990 3206 3196 3304 tepef-

927 3310 1023 3381 cit
1076 3360 1101 3395 ,
1156 3311 1225 3381 &
1281 3329 1523 3403 corpus
1582 3312 1888 3400 ἐπυριτὸν
1934 3307 2231 3390 cernitur
2282 3304 2514 3377 saltem
2559 3307 2630 3376 in
2678 3302 2861 3377 febre
2913 3305 3199 3376 tertiana

925 3403 1254 3503 ex‘quisita
1281 3458 1306 3493 ,
1337 3410 1405 3478 &
1437 3408 1627 3477 intra.
1644 3405 1835 3478 diem
1859 3407 2238 3479 naturalem
2276 3403 2508 3476 denuo
2532 3402 2949 3477 incandescit
2983 3411 3054 3478 &
3090 3431 3199 3503 ac-

837 3520 838 3525 ’
929 3504 1245 3601 cenditur
1275 3533 1296 3582 3
1334 3500 1771 3600 similiterque
1799 3505 2014 3577 febres
2048 3505 2285 3577 diariae
2318 3504 2605 3576 madore
2644 3504 3199 3603 superveniente,

926 3609 1030 3679 uti
1074 3611 1144 3679 δι
1179 3604 1518 3676 continuae
1561 3601 1827 3675 liberali
1855 3603 2101 3675 sudore
2123 3655 2146 3690 ,
2177 3610 2245 3678 &
2278 3604 2555 3699 synochi
2606 3603 2882 3703 profusa
2910 3598 3191 3674 haemor-

926 3704 1177 3799 rhagia
1202 3702 1515 3775 desubito
1551 3701 1899 3777 solvuntur
1923 3755 1946 3790 ,
1997 3703 2377 3802 corpusque
2408 3701 2699 3804 pristinae
2753 3703 2886 3774 hoc
2918 3702 3009 3775 est
3047 3726 3189 3771 me-

926 3800 1151 3901 diocri
1199 3825 1664 3901 temperatura:
1705 3799 2075 3874 restituitur.
2133 3833 2148 3872 ι
2198 3803 2342 3874 imo
2374 3801 2537 3876 vero
2571 3803 2641 3871 in
2682 3800 2965 3874 febrium
3002 3802 3183 3896 prin-

924 3901 1119 3997 cipiis
1154 3954 1177 3987 ‚
1228 3926 1382 3997 quae
1419 3901 1755 3977 invadunt
1782 3927 1944 3974 cum
1988 3901 2265 3973 horrore
2289 3908 2360 3975 δε
2394 3906 2620 4000 rigore
2667 3925 2788 3971 cor
2817 3897 3066 3998 frigida
3090 3899 3191 3967 la-

923 3993 1166 4069 borare
1200 4052 1222 4085 ,
1275 4003 1669 4101 intemperie
1709 4000 1932 4099 pulsus
1954 4002 2249 4101 parvitas
2265 4054 2289 4090 ‚
2318 4001 2687 4096 raritasque
2712 4022 3013 4098 arguunt
3034 4002 3191 4081 (nec

924 4095 1110 4197 enim
1162 4094 1356 4173 simul
1416 4100 1648 4179 calida
1688 4106 1759 4183 ὃς
1818 4100 2080 4204 frigida
2134 4102 2563 4204 intemperies
2617 4124 2691 4173 in
2758 4096 3013 4173 eodem
3052 4094 3212 4171 subp
