3593 5087
947 379 1026 462 Ἀ
1122 335 1777 460 ΡΒοιυίηε
1878 374 2370 452 sunosA.
2611 382 2759 474 357

485 502 610 581 ⁶sic
672 500 1074 607 descripsisse
1113 506 1387 580 videtu-r
1421 558 1442 593 ,
1465 503 1627 604 stent
1682 504 1991 601 quidam,
2061 499 2285 596 inquit
2331 501 2489 585 ille,
2541 510 2775 598 quibus

521 612 652 679 lien
693 611 886 681 valde'
925 611 1131 678 durus
1177 607 1257 699 est
1296 604 1369 677 ό·
1425 630 1705 697 magnus
1741 656 1763 689 ‚
1807 612 1984 673 color
2026 628 2173 673 vero
2194 598 2409 688 faciei
2446 598 2518 669 ό·
2541 603 2777 698 reliqui

519 711 814 800 corporis
839 732 970 775 non
986 708 1332 775 admodum
1356 706 1633 794 vitiosus
1657 753 1680 787 ‚
1722 704 1892 798 quod
1934 703 2185 796 quidem
2210 724 2403 794 neque
2430 698 2778 771 admodum

515 833 717 898 grave
744 857 769 893 ,
828 831 1024 902 neque
1059 806 1491 900 periculosum
1531 804 1611 896 ss
1627 800 2063 895 fignficatur
2097 800 2264 867 enim
2278 796 2503 890 solum
2541 802 2777 874 vitium

524 906 737 975 lienis.

619 1000 703 1073 In
745 1003 982 1101 primis
1030 1001 1243 1096 igitur
1284 1026 1364 1072 ex
1407 997 1804 1089 hujusmodi
1858 995 2223 1096 multiplici
2258 1019 2606 1069 tumorum
2649 1023 2776 1070 nu—

518 1125 708 1172 mero
760 1103 881 1197 qui
921 1100 1211 1196 quidem
1256 1097 1391 1170 sine
1435 1097 1627 1171 febre
1664 1100 1816 1171 sunt
1916 1098 2093 1168 otius
2126 1095 2312 1183 laxi,
2370 1098 2582 1190 quam
2624 1097 2777 1169 vere

520 1199 723 1285 duri,
770 1222 977 1294 atque
1014 1197 1394 1268 indolentes
1417 1251 1440 1283 ‚
1475 1221 1589 1268 eos
1624 1225 1760 1269 non
1788 1124 1917 1267 essii
1938 1195 2482 1293 phlegmonodes
2530 1202 2598 1268 &
2622 1197 2775 1269 vere

520 1295 1092 1369 inflammatorios
1150 1294 1301 1367 satis
1353 1294 1613 1366 constat
1648 1329 1664 1367 :
1706 1321 1927 1390 neque
1962 1295 2147 1364 enim
2179 1294 2596 1390 phlegmone
2647 1291 2779 1367 esse

515 1392 652 1466 sine
694 1398 892 1494 gravi
927 1392 1109 1479 febre
1139 1394 1398 1491 potest;
1444 1393 1702 1466 doloris
1749 1417 2067 1495 praeterea
2096 1390 2391 1464 absentia
2420 1392 2494 1463 id
2530 1392 2781 1463 confir-

516 1519 661 1564 mat
695 1547 720 1582 ,
775 1496 898 1590 qui
942 1492 1309 1565 necessario
1348 1492 1537 1564 adest
1584 1493 1988 1594 phlegmoni
2013 1493 2052 1561 'a
2080 1490 2409 1592 sanguine
2440 1515 2777 1589 quocum-

517 1618 654 1689 que
687 1644 706 1678 ,
759 1591 1021 1664 affatim
1061 1598 1131 1665 δε
1167 1592 1529 1693 derepente
1559 1593 1771 1665 viscus
1790 1597 2178 1690 impetente.

525 1755 530 1762 .
614 1691 797 1763 Cum
842 1716 1071 1763 autem
1114 1691 1399 1774 durities
1441 1692 1769 1781 adjunch
1803 1692 2088 1765 insinuet
2141 1690 2416 1764 eosdem
2447 1687 2773 1764 scirrhoso

514 1793 751 1887 generi
809 1788 994 1890 posse
1028 1791 1395 1878 accenseri,
1435 1815 1664 1865 tamen
1696 1820 1833 1864 non
1873 1787 2162 1888 quidem
2193 1790 2589 1862 secundario
2617 1790 2775 1861 scir-

512 1889 640 1959 rho
692 1893 814 1985 qui
866 1891 1267 1991 phlegmoni
1303 1887 1673 1962 successerit
1728 1893 1907 1965 male
1966 1913 2216 1960 curatae
2244 1942 2269 1976 ‚
2326 1889 2439 1961 sed
2499 1892 2773 1989 potius,

430 2060 442 2074 ,
514 1991 636 2082 qui
656 1992 1068 2088 primigenia
1108 1992 1547 2084 generatione
1575 1988 1855 2063 adortus
1890 1988 2092 2062 fuerit
2113 1989 2358 2060 lienem
2385 2012 2504 2060 aut
2519 1989 2772 2088 hepar,

514 2085 896 2159 verosimile
922 2087 1016 2159 est
1036 2141 1059 2175 ‚
1112 2085 1449 2182 siquidem
1476 2086 1677 2159 febris
1708 2143 1731 2175 ‚
1781 2082 2139 2189 praegressa
2167 2087 2468 2156 accusari
2494 2112 2634 2158 non
2652 2113 2780 2186 po-

513 2184 642 2256 test
665 2238 689 2272 ‚
737 2190 930 2274 cujus
951 2186 1206 2258 ardore
1228 2185 1603 2257 arefacium
1638 2187 1855 2259 viscus
1894 2183 2473 2260 immedicabilem
2509 2209 2781 2256 contra-

516 2284 686 2353 xerit
715 2282 1060 2355 duritiem.
1121 2283 1348 2376 Atqui
1397 2286 1733 2379 quoniam
1784 2284 2067 2359 durities
2103 2308 2261 2355 vera
2286 2308 2440 2382 quae
2474 2281 2784 2357 siccitatis

515 2379 611 2452 est
653 2380 927 2454 effeetus
955 2408 1092 2454 non
1121 2385 1469 2455 laxitatem
1500 2406 1637 2482 prae
1665 2384 1730 2455 se
1758 2385 1886 2457 fert
1923 2437 1949 2470 ,
1998 2387 2068 2454 δε
2117 2382 2282 2452 alias
2339 2407 2477 2452 non
2522 2385 2618 2454 ita
2676 2385 2783 2452 in-

515 2476 694 2579 signi
727 2487 797 2555 &
850 2480 1147 2555 evidenti
1180 2485 1433 2555 tumori
1459 2480 1827 2572 conjunc‘ta
1870 2480 1984 2554 ‘est
2034 2503 2328 2553 tumores
2356 2505 2585 2554 autem
2663 2505 2780 2554 rae-

492 2596 693 2651 'terea
717 2581 1107 2670 hujusmodi
1125 2579 1514 2654 evanescere
1536 2587 1602 2654 &
1625 2580 1973 2654 obliterari
1988 2576 2134 2650 'sive
2168 2578 2402 2650 sensim
2437 2579 2572 2654 sine
2619 2581 2779 2669 ensu

512 2703 596 2749 ac
633 2677 865 2777 sponte
897 2734 920 2767 ,
975 2678 1104 2753 siise
1130 2678 1394 2751 affatim
1432 2687 1502 2753 δε
1549 2678 1835 2752 sensibili
1859 2678 2097 2776 aliqua
2135 2706 2295 2751 cum
2329 2684 2780 2753 evacuatione

513 2775 730 2848 solent
759 2830 781 2863 ‚
833 2778 1011 2850 certe
1058 2805 1279 2872 neque
1328 2777 1422 2849 ad
1464 2779 1752 2849 alterum
1779 2780 2013 2849 scirrhi
2046 2800 2259 2871 genus
2286 2777 2477 2870 quod
2501 2781 2539 2847 ὲ
2561 2776 2777 2848 crasso

513 2896 921 2970 terrenoque
963 2876 1252 2964 humore
1306 2873 1438 2945 suae
1466 2873 1848 2975 primordia
1908 2875 2197 2976 originis
2234 2896 2490 2972 repetat
2547 2876 2778 2945 referri

521 2968 811 3071 possunt.
1397 3022 1404 3031 -

612 3069 970 3159 Quoniam
996 3073 1231 3169 itaque
1262 3096 1380 3170 per
1418 3071 1539 3144 hos
1565 3096 1864 3154 tumores
1888 3074 2415 3172 molespartium
2435 3097 2773 3171 augmen·-

513 3193 660 3243 tum
686 3174 899 3270 coepit
931 3226 954 3259 ,
1003 3196 1207 3268 atque
1228 3172 1449 3244 omnis
1476 3174 1688 3244 moles
1720 3173 1776 3241 ἓν
1798 3169 2165 3244 substantia
2214 3196 2486 3243 emanat
2525 3197 2775 3271 corpo-

507 3270 627 3342 rea
651 3324 674 3357 ,
720 3293 796 3343 ut
848 3297 927 3343 ex
957 3270 1239 3368 physicis
1276 3269 1538 3353 constat
1561 3270 1785 3356 ‚osane
1827 3296 1945 3367 per
1988 3271 2542 3344 additamentum
2592 3271 2772 3342 subs-

515 3371 741 3439 tantiae
791 3371 1077 3460 alicujus
1128 3393 1471 3467 corporeae
1520 3375 1590 3443 ὅ(
1646 3370 2019 3441 materiatae
2067 3394 2283 3470 partes
2325 3373 2770 3444 intumuerint

510 3463 607 3535 est
636 3462 930 3545 necesse;
984 3494 1191 3562 atque
1219 3473 1376 3541 cum
1403 3469 1681 3564 aequalis
1732 3494 1959 3540 tumor
1988 3467 2064 3540 sit
2114 3470 2250 3542 fere
2279 3524 2303 3555 ,
2362 3463 2621 3541 tametsi
2656 3492 2773 3537 ca-

511 3566 867 3665 tarrhopos
911 3567 1022 3639 seu
1054 3567 1335 3641 declivis
1370 3569 1637 3639 tantum
1683 3570 2052 3667 percipitur
2080 3570 2126 3660 ζ
2158 3593 2319 3637 nam
2359 3590 2632 3663 propter
2672 3565 2772 3637 se-

507 3666 894 3762 pimentum
917 3659 1254 3739 costarum
1278 3667 1694 3767 anarrhopos
1731 3693 1869 3739 non
1896 3667 2096 3738 facile
2129 3666 2469 3763 detegitur
2508 3662 2623 3735 sed
2670 3666 2767 3735 ef-

505 3763 693 3861 fugit
720 3790 962 3837 manus
991 3768 1381 3840 contaRum
1406 3765 1450 3859 (
1478 3793 1632 3838 eam
1657 3764 2101 3838 substantiam
2140 3763 2542 3851 adjunRam
2571 3765 2775 3836 altius

505 3864 946 3960 intimiusque
970 3867 1261 3940 infusam
1290 3867 1815 3961 immixtamque
1855 3859 1984 3936 esse
2010 3865 2359 3959 aequaliter
2393 3865 2517 3934 toti
2537 3864 2771 3938 visceri

505 3961 884 4039 verosimile
929 3964 1044 4038 est.

613 4057 743 4132 Per
784 4085 1082 4137 tumores
1107 4090 1311 4164 porro
1337 4061 1496 4138 istos
1523 4063 1688 4162 quia
1712 4059 2223 4163 hycochondria
2244 4063 2339 4141 ita
2364 4060 2516 4141 sunt
2536 4062 2721 4140 tensa
2738 4114 2768 4153 ,

2862 1009 3080 1058 'rumores
3100 1012 3150 1060 hl

2816 1065 2989 1126 hepati·
3005 1072 3044 1116 δι
3062 1071 3144 1115 lie.

2819 1131 2893 1170 nis
2932 1142 3024 1172 non
3050 1130 3151 1176 sunt
3207 1173 3220 1193 Ι

2818 1182 3116 1243 phlegmone-

2819 1240 2898 1288 ἀει
2914 1271 2936 1298 ,

2812 1677 2922 1783 ἓϊοο
2940 1678 3146 1728 Scirrbo-

2862 1766 2882 1791 o
