3593 5087
897 370 1046 469 476
1745 365 2343 445 FEBRES

906 495 1194 565 retinere
1222 491 1427 565 alieni
1467 490 1708 565 caloris
1756 493 2028 589 aliquid
2079 492 2474 583 observavi,
2507 494 2668 567 ciim
2689 489 2778 568 ab
2809 493 3170 575 ambientis

912 591 1311 664 alteratione
1335 594 1596 664 munita
1618 593 1933 665 comesto
1958 594 2111 668 vase
2138 591 2384 668 fuisset.

578 716 624 796 ⁸:
646 716 717 761 ιε
742 716 881 764 tebn-
1014 695 1342 786 Postrema
1369 693 1497 762 hoc
1525 691 1789 791 dogma
1814 692 2148 765 illustrant
2176 695 2601 783 eaesebriculae
2625 691 2979 789 ephemera,
3008 697 3179 767 certa?

549 777 883 893 ξζζῗζξξεῗξζ
910 818 1266 886 paucorum
1321 794 1570 874 dierum
1608 844 1630 878 ‚
1681 819 1820 888 quae
1871 792 2331 863 hemicranium
2373 823 2452 865 ac
2497 798 2846 889 vertigines
2849 795 3173 888 stmilesve

549 893 824 1011 :22332122
839 924 883 997 a}
915 890 1173 988 affeblus
1209 894 1603 965 comitantur
1628 944 1652 978 ,
1693 916 1904 987 quoeve
1947 897 2313 986 paecedunt
2361 894 2755 990 erffipelata.
2800 894 2988 966 Nam
3016 895 3173 965 ant'e

550 1007 870 1077 fimssleuqffee-
915 989 1452 1063 demonstratum
1481 1043 1504 1078 ‚
1560 991 2028 1078 hujuscemodi
2080 990 2353 1064 affestus
2399 995 2791 1090 contingere
2818 1047 2842 1081 ,
2882 995 3180 1071 velsero
3220 1075 3224 1084 ,

551 1079 877 1171 :ez-comum.
912 1094 1053 1179 jam
1118 1088 1240 1160 diu
1312 1086 1669 1185 stagnante
1747 1093 1818 1159 in
1891 1092 2115 1189 capite
2176 1089 2490 1164 desubito
2549 1117 2901 1163 commoto
2966 1117 3170 1188 atque

910 1188 1275 1261 ebulliente
1298 1239 1315 1268 ‚
1368 1190 1474 1261 vel
1510 1215 1584 1259 ex
1614 1213 1758 1258 toto
1788 1189 2059 1288 repente
2102 1189 2195 1260 ad
2245 1215 2449 1289 caput
2478 1216 2677 1291 rapto
2702 1199 2773 1265 δ(
2807 1215 2929 1262 aut
2961 1218 3167 1263 mem-

709 1289 730 1296 ”
816 1306 834 1324 “
910 1287 1156 1366 branas
1195 1288 1522 1359 violenter
1575 1290 1942 1388 impetente
1981 1343 2004 1376 ,
2059 1289 2246 1361 unde
2280 1290 2489 1373 ,dolor
2514 1343 2537 1380 ,
2577 1315 2696 1361 aut
2730 1290 3001 1391 spiritus
3030 1294 3171 1361 ani-

807 1435 816 1444 ·
887 1389 1122 1459 ‘males
1162 1386 1445 1457 horsum·
1464 1389 1733 1458 vorsum
1776 1389 2084 1485 agitante
2113 1441 2135 1476 ‚
2192 1388 2373 1461 unde
2426 1391 2736 1487 vertigo;
2777 1393 2942 1461 cnm
2972 1389 3174 1489 porro

911 1487 1245 1560 fervorem
1307 1486 1642 1586 praecipue
1699 1493 1766 1560 &
1810 1488 2197 1584 frequenter
2249 1488 2485 1559 induci
2534 1488 2821 1585 quidem
2866 1488 2955 1560 ab
2992 1492 3174 1561 aeria

913 1588 1150 1682 aliqua
1180 1584 1571 1684 tempestate
1604 1618 1618 1655 :
1673 1613 1826 1657 eam
1856 1612 2083 1658 autem
2110 1587 2589 1659 ebullitionem·
2610 1588 2798 1661 diem
2832 1589 3012 1657 intra
3053 1615 3176 1658 na-

912 1686 1205 1757 turalem
1239 1685 1374 1755 fere
1426 1689 1774 1757 terminari
1812 1685 2102 1759 brevitas
2162 1686 2526 1761 affeRuum
2568 1688 2683 1760 die
2719 1688 3017 1758 naturali
3048 1689 3178 1757 cir-

913 1785 1320 1883 cumscripta
1365 1782 1517 1855 satis
1555 1783 1866 1856 insinuat.
1907 1787 2124 1875 Cujus
2165 1789 2370 1858 etiam
2417 1786 2803 1858 durationis
2838 1785 3175 1857 indicium

914 1881 1010 1954 est
1043 1882 1320 1955 duratio
1359 1886 1638 1978 :equalis
1663 1887 2145 1957 commotionis
2177 1939 2200 1973 ,
2260 1911 2413 1983 quae
2448 1886 2542 1957 est
2592 1889 2661 1956 in
2708 1889 2868 1956 aere
2887 1937 2914 1971 ,
2969 1910 3178 1979 quam

910 2008 1053 2053 uno
1091 1981 1206 2054 die
1251 1986 1597 2055 terminari
1644 1987 2053 2083 experientia
2115 1984 2362 2058 docet:
2425 2010 2586 2055 nam
2641 1983 2729 2055 ab
2773 1983 3185 2055 animalibus

915 2080 1134 2169 effusa:
1175 2079 1619 2178 querimoniae
1654 2083 2047 2175 hujusinodi
2083 2083 2666 2182 perturbationum
2706 2086 2879 2153 aeris
2927 2082 3184 2154 indices

916 2187 990 2254 &
1031 2183 1348 2282 praesagae
1393 2183 1504 2254 seu
1551 2184 1986 2262 divinatrices
2017 2184 2152 2255 fere
2181 2210 2393 2255 unum
2439 2183 2628 2253 diem
2669 2207 3045 2279 antequam
3084 2185 3182 2253 in-

920 2307 1176 2379 gruant
1211 2282 1520 2355 exaudiri
1550 2283 1952 2355 consuevere
1980 2286 2399 2382 experientiae
2420 2282 2584 2354 fide.

619 2418 762 2470 Atque
793 2428 887 2473 φ,
977 2420 994 2450 1
1023 2381 1190 2468 Jam
1231 2381 1392 2453 vero
1421 2384 1904 2478 quaesebriculae
1939 2383 2202 2480 affident
2241 2407 2357 2454 aut
2408 2387 2599 2452 etiam
2615 2382 2981 2476 praecedunt
2999 2381 3181 2475 cryst-

556 2472 832 2588 ,522522‘⁸
868 2566 886 2576 ·
917 2483 1134 2571 pelat'a
1167 2532 1190 2566 ‚
1235 2505 1315 2550 ea
1357 2482 1607 2580 pariter
1647 2483 1719 2550 in
1772 2480 1987 2552 setoso
2051 2481 2336 2554 humore
2368 2482 2706 2581 praecipue
2763 2479 3120 2553 consistunt
3147 2534 3173 2568 ,

560 2601 646 2689 ΞΜ
687 2589 754 2633 ei·
790 2585 866 2636 am
926 2600 1146 2671 eoque
1190 2577 1342 2647 bilis
1389 2580 1496 2649 vel
1560 2580 1766 2649 etiam
1820 2578 2169 2675 sanguinis
2219 2582 2449 2651 ichore
2519 2582 2734 2652 tinsto
2781 2588 2848 2655 &
2895 2583 2963 2651 in
3014 2580 3183 2652 vasis

596 2656 688 2691 ⁶⁹⁸⁰
925 2674 1144 2747 mod&
1203 2673 1577 2764 majoribus
1638 2681 1709 2749 &
1767 2674 2220 2774 superioribus
2263 2732 2282 2761 ,
2351 2679 2568 2751 modo
2625 2677 3170 2752 descendentibus

924 2775 1291 2848 ebulliente
1320 2828 1342 2862 ,
1382 2774 1562 2845 unde
1600 2772 1996 2874 erysipelata
2033 2777 2143 2849 vel
2190 2777 2433 2849 faciem
2463 2792 2495 2864 ,’
2535 2781 2642 2851 vel
2684 2805 2876 2850 crura
2920 2777 3172 2878 potissi-

924 2878 1119 2947 mum
1184 2873 1491 2946 obsident
1538 2906 1552 2943 ε
1636 2900 1798 2943 nam
1875 2872 2345 2947 ebullitionem
2416 2877 2756 2950 febriculae
2833 2881 3175 2950 horrorem

845 3016 866 3033 s
921 2975 1348 3070 quandoque
1391 2975 1608 3047 levem
1642 2972 2055 3068 consequens
2082 3029 2105 3062 ,
2145 2982 2215 3048 ὅ(
2243 2974 2376 3047 fitis
2408 3003 2752 3075 arguunt:
2811 2977 2925 3049 sed
2986 2974 3174 3048 serofi

919 3074 1228 3145 humoris
1256 3070 1596 3142 febriculae
1627 3071 1906 3171 subjeE‘ti
1959 3099 2166 3171 atque
2211 3078 2494 3145 tumoris
2543 3076 2759 3147 causae
2812 3078 3179 3147 materialis

922 3172 1185 3245 indicia
1224 3171 1369 3241 sunt
1396 3173 1554 3241 ciim
1583 3175 1879 3244 vomitus
1903 3198 2161 3268 aqueus
2208 3173 2341 3245 fere
2369 3180 2439 3246 δε
2490 3176 2805 3246 nonnihil
2853 3174 3163 3259 biliosus,

924 3274 1075 3343 tum
1126 3271 1444 3341 mollities
1485 3270 2053 3369 mediocritasque
2078 3276 2359 3345 tumoris
2384 3274 2853 3369 consequentis
2880 3327 2902 3359 ,
2944 3272 3169 3346 &sub-

926 3371 1213 3444 sidentia
1241 3367 1368 3441 five
1394 3370 1851 3443 evanescentia
1878 3372 2099 3446 brevis
2123 3376 2291 3444 citra
2342 3372 2783 3472 suppuratum
2810 3426 2833 3460 ,
2875 3376 2985 3446 vel
3032 3374 3176 3443 scir·

925 3473 1128 3547 rhum
1174 3499 1190 3546 ;
1265 3494 1602 3541 tumorem
1677 3474 1859 3541 enim
1919 3471 2329 3544 subolescere
2395 3475 2433 3544 *a
2506 3471 2825 3544 decubitu
2880 3473 3179 3543 humoris

924 3569 1272 3641 morbifici
1313 3565 1442 3641 sive
1509 3566 1804 3639 febriferi
1851 3569 2229 3643 verosimile
2276 3570 2387 3642 est.
2436 3572 2756 3667 Denique
2798 3570 3020 3642 biliosi
3065 3595 3174 3642 aut

921 3669 1242 3767 sanguini
1304 3669 1549 3740 ichoris
1592 3668 1733 3738 sero
1769 3666 1957 3738 affusi
2017 3667 2220 3740 index
2263 3668 2460 3742 'color
2506 3668 2716 3743 flavus
2768 3696 2884 3742 aut
2938 3668 3177 3741 rubeus

927 3770 1303 3838 etiamnum
1334 3766 1482 3864 post
1507 3769 1788 3838 tumoris
1840 3769 2365 3839 evanescentiam
2419 3771 2829 3865 aliquandiu
2878 3772 2943 3838 in
3032 3792 3175 3837 arte

928 3865 1248 3961 superstes
1278 3865 1322 3956 ζ
1351 3868 1567 3938 serum
1596 3868 1778 3937 enim
1799 3862 2063 3938 brevius
2089 3867 2484 3964 faciliusque
2514 3869 2863 3940 resolvitur
2891 3868 2937 3959 (
2988 3866 3074 3937 ed
3103 3870 3175 3938 &t

931 3961 1149 4034 sensus
1176 3968 1490 4064 pruritus.
1520 3967 1735 4062 Atqui
1761 3967 2096 4061 quoniam
2144 3968 2549 4066 experientia
2590 3966 2753 4038 teste
2798 3965 3121 4038 febricula
3154 4016 3178 4051 ,

938 4058 1303 4159 dolorque,
1358 4071 1427 4145 ὃς
1466 4060 1682 4140 fluxio
1716 4090 1881 4140 cum
1933 4065 2321 4171 erysipelate
2348 4067 2713 4177 conjtinssa
2744 4090 2973 4143 unum
3011 4064 3190 4144 diem
