3593 5087
722 391 1602 472 PRAEFATIO
1762 389 2341 471 OPERIS.
2565 404 2664 487 ας

405 542 561 597 mm
592 549 711 624 per
747 528 1052 625 corporis
1074 550 1397 597 truncum
1426 548 1828 621 quanquam
1868 522 1936 593 fie
1965 521 2122 594 vasa
2147 516 2483 620 perpetuo
2498 547 2668 593 con-

401 625 819 697 comitantur
862 632 932 697 &
962 623 1100 695 fere
1141 625 1590 723 contingunt,
1614 646 1843 695 tamen
1872 620 2234 692 crassitudo
2265 672 2290 707 ‚
2342 618 2667 694 denfitas-

404 744 489 791 ve
525 723 744 822 prope
800 724 1247 821 cartilaginea
1291 724 1592 822 corporis
1630 724 1890 795 arteriae
1912 774 1937 809 ,
1971 726 2040 795 δε
2076 744 2392 820 praeterea
2437 746 2660 823 mem·
2687 750 2794 802 3.a
2825 746 3008 801 acuens

401 812 624 890 brana
650 824 1023 893 communis
1052 847 1382 893 venarum
1405 830 1475 898 ὃς
1513 823 1919 893 arteriarum
1963 822 2244 892 omnino
2290 818 2656 919 prohibent
2681 821 2753 854 ‘⁸‘

400 914 746 1015 sanguinis
775 922 817 992 ὁ
846 924 1035 994 venis
1062 923 1133 991 in
1169 924 1443 993 arterias
1482 920 1844 1021 appulsum
1879 926 1950 994 &
1984 917 2351 992 transitum.

501 1016 626 1089 Ad
657 1019 797 1091 haec
848 1046 1252 1118 quanquam
1285 1021 1321 1092 e
1369 1023 1556 1093 venis
1587 1025 1660 1092 in
1689 1022 1966 1092 arterias
1999 1019 2405 1119 sanguinem
2431 1016 2651 1118 ipsum

401 1118 626 1206 trajici
658 1114 839 1217 poffe
877 1144 1320 1216 quocumque
1338 1118 1553 1192 modo
1582 1122 1918 1193 fateamur
1942 1173 1966 1206 ‚
1996 1142 2229 1190 tamen
2255 1114 2497 1286 positio
2514 1119 2656 1191 val·
2914 1207 2926 1230 ¹

396 1217 719 1287 vularum
765 1219 1217 1318 appensarum
1263 1219 1530 1291 orificio
1585 1244 1793 1292 aortae
1845 1217 2195 1290 interdicit
2282 1218 2654 1316 anguinem
2685 1220 3006 1277 ⁴·1'⁸¹'¹¹¹³·

396 1312 598 1386 aditu
642 1340 721 1387 ex
750 1342 1009 1389 arteriis
1051 1322 1124 1388 in
1167 1343 1282 1389 cor
1330 1315 1666 1389 sinistrum
1685 1371 1709 1404 ‚
1750 1320 2007 1488 qu‘ifpe
2054 1340 2209 1413 quae
2268 1319 2336 1386 in
2369 1315 2657 1389 diastole
2686 1294 2822 1388 itis*
2835 1295 3007 1342 ’πω

397 1412 674 1501 cordis,
721 1418 792 1486 in
840 1417 982 1511 qua
1029 1415 1171 1486 sola
1221 1415 1443 1515 potest
1486 1441 1606 1488 cor
1651 1419 1841 1488 aliun
1894 1440 1931 1485 e
1975 1415 2237 1512 aliquid
2269 1415 2607 1488 attrahere
2633 1470 2659 1505 ,
2691 1393 2984 1507 ‘ffssffm

398 1514 769 1586 connivent
796 1514 978 1588 adeo
998 1521 1068 1589 δ(
1097 1514 1514 1587 clauduntur
1540 1515 1721 1589 arste
1746 1570 1771 1603 ,
1830 1540 1903 1587 ut
1935 1539 2053 1586 cor
2091 1513 2181 1586 ab
2221 1517 2480 1589 arteriis
2504 1540 2657 1588 tum

396 1610 571 1682 nihil
599 1613 863 1711 prorsus
890 1638 1100 1711 queat
1123 1615 1450 1715 accipere.
1478 1614 1668 1687 Nam
1693 1618 1766 1687 in
1792 1613 2038 1710 systole
2079 1614 2307 1687 cordis
2327 1668 2352 1703 ‚
2397 1618 2471 1687 in
2514 1618 2659 1712 quii

397 1707 733 1785 duntaxat
764 1715 1054 1787 valvulae
1083 1716 1478 1814 aperiuntur
1507 1721 1576 1790 &
1608 1736 1887 1814 patent,
1930 1715 2156 1785 cor-in
2191 1708 2572 1788 emittendo
2615 1718 2659 1789 ὲ

394 1807 463 1880 se
496 1813 719 1909 potius
754 1811 987 1911 spiritu
1032 1836 1190 1884 ante
1241 1815 1477 1911 genito
1510 1812 2070 1906 effundendoque
2115 1816 2183 1884 in
2225 1817 2505 1887 arterias
2553 1816 2659 1907 in÷

394 1907 660 1979 cumbit
685 1961 708 1994 ,
743 1915 956 2005 quam
982 1913 1053 1982 in
1082 1910 1517 1982 admittendo
1542 1938 1661 1985 aut
1688 1909 2220 1983 attrahendoaad
2267 1912 2330 1983 se
2372 1912 2661 2008 aliquid.

398 2003 528 2078 Ad
576 2006 717 2077 haec
762 2011 984 2105 n'eque
1024 2033 1146 2080 aut
1194 2011 1454 2082 arteriae
1501 2008 1890 2083 debuerunt
1937 2008 2346 2104 sanguinem
2388 2009 2427 2079 ὲ
2473 2013 2666 2082 venis

401 2105 644 2177 elicere
670 2159 694 2192 ,
733 2107 894 2179 cum
932 2107 1325 2181 attraRioni
1366 2109 1541 2180 aeris
1592 2108 1847 2181 externi
1896 2130 2123 2178 motus
2156 2109 2562 2179 arteriarum
2588 2105 2668 2180 fit

394 2203 617 2276 faequs
638 2258 662 2291 ,
685 2204 1007 2278 dilatatio
1058 2208 1310 2278 scilicet
1326 2259 1350 2293 ‚
1373 2231 1529 2304 quae
1555 2210 1729 2279 aeris
1756 2207 2069 2279 attraffio
2093 2206 2133 2277 ὲ
2167 2198 2518 2306 sanguinis
2562 2229 2666 2277 at·

395 2302 735 2381 traiiione
760 2302 1232 2403 prohiberetur
1263 2334 1284 2382 3
1327 2331 1449 2378 aut
1485 2305 1647 2379 vero
1676 2332 1796 2378 cor
1828 2304 2233 2406 sanguinem
2276 2331 2357 2377 ex
2397 2307 2666 2378 arteriis

399 2404 545 2473 acci
599 2428 708 2474 ere
750 2400 991 2475 debuit
1029 2458 1054 2493 ,
1107 2403 1680 2502 quandoquidem
1718 2408 1965 2477 arteria
2002 2407 2364 2477 coronaria
2414 2405 2660 2480 addita

400 2429 596 2575 cordi
636 2509 706 2578 ὅ(
732 2528 852 2604 per
876 2506 1018 2593 ejus
1047 2529 1289 2606 corpus
1334 2503 1632 2604 dispersa
1671 2505 1833 2578 huic
1877 2504 2028 2576 usui
2093 2508 2237 2594 jam
2284 2503 2603 2577 satisfacit
2628 2559 2656 2594 ‚

398 2601 532 2672 hoc
571 2601 667 2674 est
690 2656 714 2689 ,
757 2604 1145 2677 attraffloni
1170 2606 1516 2703 sanguinis
1549 2608 1772 2680 tenuis
1803 2604 2117 2676 alimenti
2141 2606 2403 2706 proprii
2428 2605 2654 2681 cordis

403 2705 475 2775 δε
513 2697 861 2773 neceffarii
901 2707 1045 2793 ejus
1077 2705 1453 2778 nutritioni.

496 2799 918 2899 Sanguinem
967 2802 1308 2902 postremo
1344 2828 1427 2876 ex
1470 2802 1714 2905 hepate
1746 2805 1974 2906 primo
2016 2803 2397 2877 venientem
2440 2809 2513 2880 &
2554 2826 2658 2877 at·
2749 2832 2796 2882 «1.
2843 2836 3009 2895 neque

396 2899 694 2972 tracium
721 2902 762 2971 'a
808 2900 985 2971 liene
1009 2924 1572 3001 attenuatumque
1612 2929 1752 2974 non
1775 2901 2047 2975 refundi
2099 2902 2172 2972 in
2199 2928 2316 2974 cor
2346 2929 2468 2976 ceu
2514 2932 2661 2977 ma-
2692 2893 2875 2940 ‘'m'’
2904 2894 3011 2940 ‘⁸¹²‘

2690 2953 2791 3011 guin
2829 2967 2885 2999 ex
2931 2952 3015 2997 he·

402 3000 649 3068 teriam
686 2999 1033 3093 sanguinis
1077 2998 1375 3089 arteriofi
1412 3001 1750 3101 gignendi
1795 3027 1938 3074 una
1971 3001 2272 3074 convicit
2303 3003 2654 3077 manifeste
2690 3009 3026 3122 {xggujijff

404 3093 895 3168 demonstratio
931 3095 1232 3196 superior
1256 3100 1296 3170 a
1332 3096 1457 3170 situ
1502 3101 1934 3174 valvularum
1980 3099 2248 3173 orificio
2294 3126 2501 3175 aortae
2533 3132 2658 3207 ap-
2690 3127 2843 3195 rufo·
2864 3125 3010 3171 aar.

402 3193 774 3295 POfital'um
809 3222 885 3269 Ut
916 3194 1493 3295 supervacaneum
1516 3195 1595 3270 fit
1620 3199 1784 3270 alias
1804 3200 2158 3295 inquirere.
2690 3181 2880 3286 ῧῇξ“;,ξ
2887 3182 3013 3246 ‘1⁸¹⁰‘¹

491 3299 652 3389 Quoe
681 3297 829 3366 ciem
851 3295 1091 3385 itastnt
1116 3345 1144 3377 ,
1172 3298 1685 3394 concludendum
1714 3300 1798 3393 est
1825 3324 1936 3368 cor
1955 3307 2147 3372 nulla
2170 3326 2264 3371 ex
2280 3325 2466 3397 parte
2496 3303 2656 3374 hau-
2691 3296 2952 3347 anduno.

404 3395 529 3464 rire
556 3398 890 3465 materiam
914 3443 942 3475 ,
977 3422 1067 3464 ex
1098 3423 1229 3493 qua
1234 3396 1635 3492 sanguinem
1659 3420 1907 3469 tenuem
1925 3427 2220 3493 generate
2232 3402 2421 3495 poſjit
2445 3454 2469 3487 ,
2504 3426 2659 3493 pro-

401 3493 667 3590 indeque
691 3493 969 3592 officina
972 3493 1342 3588 sanguinis
1366 3495 1661 3586 arteriqsi
1673 3501 1849 3569 illud
1874 3502 2137 3571 minime
2163 3503 2511 3572 utilitatem
2531 3525 2656 3570 ex·

398 3590 619 3662 hibere.
646 3592 734 3664 Et
770 3591 1210 3666 confirmatur
1233 3650 1257 3684 ,
1287 3598 1457 3694 quia
1480 3597 1704 3670 cordis
1722 3597 2178 3670 conformatio·
2213 3593 2657 3694 compofitam
2721 3624 2785 3672 n.
2811 3626 2878 3675 Ex
2897 3643 3012 3676 eoa-

2692 3682 2972 3731 formatione

401 3714 540 3762 non
591 3686 723 3763 else
781 3690 1052 3765 videtur
1101 3694 1192 3768 ad
1251 3695 1594 3795 sanguinis
1642 3700 1863 3772 tenuis
1907 3695 2487 3798 procreationem,
2537 3698 2654 3771 sed
2692 3741 2840 3788 md„
2918 3741 2981 3788 ,4

402 3789 672 3863 tantiun
712 3789 806 3861 ad
834 3792 1400 3869 adrastionem&
1423 3795 1971 3874 distributionem
1998 3794 2285 3882 alicuius
2315 3799 2652 3886 materiae,
2689 3798 2928 3914 ggfgffiss

399 3912 558 3983 quae
613 3915 984 3987 utramque
1038 3894 1329 3967 celerem
1398 3895 1785 3968 admodum
1837 3890 2134 3990 patiatur
2206 3890 2651 3972 affestionem.
2690 3910 2970 3972 prom-¹³⁰·

353 3987 359 3993 ’
396 3982 594 4064 Nam
627 3989 973 4091 sanguinis
990 3995 1214 4065 tenuis
1232 3993 1470 4068 ‘coelio
1487 4046 1510 4079 ,
1538 3990 2063 4088 distributioque
2093 3992 2374 4066 minime
2401 3996 2658 4072 confer-
2691 3978 2963 4078 33μὲἶί

403 4086 534 4161 tim
560 4140 593 4183 ,
628 4087 746 4166 sed
766 4092 994 4194 potius
1010 4089 1250 4173 sensim
1274 4098 1348 4176 &
1389 4090 1572 4180 lent&
1597 4089 1749 4177 fieri
1787 4089 2066 4269 deberi)
2093 4116 2172 4169 ut
2197 4087 2472 4176 effluvio
2500 4092 2659 4180 subt
