3593 5087
848 343 920 483 'fii
1015 403 1578 494 D1LUVIE
1678 399 2176 484 SEROSK'
2482 406 2633 508 φφ
2676 513 2999 566 auiis-cenna

353 534 489 609 ἤιε
537 556 921 631 argumenta
962 539 1375 609 convincunt.
1402 534 1674 620 Scilicet
1694 561 1880 609 cetto
1920 535 2185 620 constat
2218 530 2631 636 experimen·
2674 573 2956 638 fumum„

358 659 435 707 to
484 638 824 707 minorem
875 636 1307 733 putredinem
1357 634 1485 708 live
1525 635 1924 707 inchoatam
1978 635 2070 707 ad
2110 640 2444 724 majorem
2503 632 2635 708 effe
2684 664 2711 688 κ

323 738 544 814 rviam
573 790 596 824 ,
639 760 713 806 ut
762 733 968 831 longe
1015 734 1281 806 facilius
1330 732 1406 805 fit
1437 733 1513 804 id
1556 733 1751 827 quod
1801 721 2229 831 aliquantum
2263 737 2474 832 coepit
2510 761 2636 835 pu-

359 833 642 905 tresce··e
690 833 1010 931 deinceps
1072 829 1320 931 insigni
1381 833 1953 930 corripi'corrum
2006 835 2163 928 ique
2221 834 2636 933 putredine,

357 934 571 1026 quiam
616 932 688 1003 id
743 931 939 1026 quod
1004 934 1401 1026 neutiquam
1451 929 1680 1002 adhuc
1725 958 1930 1031 putre
1984 935 2113 1003 inis
2165 931 2636 1006 rudimentum

359 1035 668 1128 concepit
717 1032 955 1101 illum:
1000 1028 1196 1123 quod
1229 1033 1406 1100 ratio
1446 1028 1586 1128 ipsa
1635 1029 1908 1127 physica
1937 1033 2145 1104 etiam
2187 1028 2342 1101 satis
2384 1031 2636 1102 confir-

270 1198 292 1212 ,
357 1146 571 1206 matr
598 1131 862 1199 facilior
915 1132 1174 1226 quippe
1236 1127 1330 1200 est
1380 1130 1420 1214 fa
1466 1128 1698 1199 medio
1754 1129 1845 1201 ad
1907 1130 2205 1226 quodvis
2257 1154 2638 1204 extremum

356 1224 665 1298 tranfitus
691 1280 714 1314 ,
757 1228 969 1322 quam
1011 1227 1097 1298 ab
1129 1252 1267 1298 uno
1302 1252 1601 1299 extremo
1637 1226 1728 1298 ad
1761 1230 2073 1302 alterum.
2107 1226 2272 1316 Quo
2307 1225 2560 1326 posito,
2588 1228 2640 1302 fi
2674 1263 2677 1268 ’

354 1326 753 1396 inchoatam
783 1330 850 1395 in
892 1350 1085 1396 aceto
1116 1325 1547 1424 putredinem
1579 1326 1873 1399 fatemur
1906 1380 1929 1414 ,
1961 1323 2214 1399 necesse
2246 1351 2515 1398 acetum
2543 1328 2640 1399 ad

353 1423 788 1522 putredinem
821 1418 949 1494 esse
991 1423 1479 1523 paratissimum
1517 1456 1531 1494 ε
1566 1426 1761 1521 atqui
1820 1426 2232 1526 experientia
2282 1424 2639 1521 quotidia-

355 1524 450 1594 ni
500 1521 666 1596 teste
718 1547 987 1594 acetum
1015 1526 1122 1595 vel
1169 1550 1526 1619 nunquam
1557 1522 1873 1622 putrescit
1902 1527 2011 1597 vel
2036 1525 2211 1597 certe
2240 1523 2594 1623 aegerrime
2613 1579 2638 1613 ,

352 1623 734 1718 vinumque
779 1623 999 1693 multo
1047 1624 1412 1721 proclivius
1466 1623 1561 1695 est
1601 1622 2178 1720 adtputredinem
2233 1624 2639 1699 contrahen-

355 1719 523 1791 dam
538 1747 912 1819 antequam
930 1722 1002 1792 in
1035 1747 1304 1798 acetum
1332 1747 1627 1796 mutetur
1657 1727 1868 1818 quem
1891 1722 2007 1795 ubi
2027 1721 2298 1819 jam—est
2327 1719 2641 1798 commu-

353 1844 621 1909 tatum,
676 1845 752 1891 ut
791 1820 993 1893 docet
1019 1826 1184 1891 aceti
1210 1825 1531 1916 generatio
1578 1847 1716 1892 aree
1735 1822 1926 1918 sada
1947 1876 1970 1910 ,
2026 1849 2164 1920 quae
2192 1823 2385 1915 first
2400 1830 2627 1898 vinum
2714 1846 2839 1914 aceti
2861 1860 3000 1907 gene-

353 1927 458 1993 vel
510 1931 557 1992 ἁ
603 1919 751 2012 sble
804 1928 909 1993 vel
980 1925 1061 1989 ab
1118 1925 1256 1992 alio
1331 1924 1728 1992 mediocriter
1804 1921 2213 2019 calefaciente
2287 1926 2552 2018 tepescat
2605 1976 2628 2010 ‚
2665 1917 3002 2022 ἷιῗῗηῖᾞῖἶῖ

353 2046 481 2115 quo
523 2020 758 2095 vitalis
797 2019 1056 2100 exhalet
1090 2029 1274 2094 calor
1293 2070 1324 2102 ,
1362 2023 1623 2118 uncique
1653 2049 1927 2118 aqueum
1964 2021 2301 2098 humidum
2342 2030 2632 2122 'arb-[fima-
2667 2032 2815 2064 '‘⁸¹²‘’
2910 2087 2919 2096 .

358 2140 482 2204 tur.
1499 2189 1504 2200 ,
1942 2146 1951 2152 ·
2988 2195 3006 2224 ‚

450 2216 1094 2314 Itaqueputrefaelio
1139 2217 1280 2290 vini
1315 2271 1340 2305 ,
1369 2217 1632 2317 ejusque.
1652 2222 1722 2290 in
1740 2242 1989 2294 acetum
2031 2220 2343 2313 conversio
2365 2220 2471 2294 -fic
2521 2227 2626 2295 in·-
2665 2292 2678 2305 ,
2716 2235 3001 2303 ῡὶΰετςυτῐῑ

353 2338 452 2388 ter
497 2316 565 2389 se
592 2317 906 2412 diffident
943 2347 963 2395 3
995 2317 1188 2415 qued
1227 2319 1297 2387 in
1324 2319 1686 2418 putredine
1711 2320 1997 2417 quidem
2026 2323 2226 2394 unius
2271 2322 2480 2394 calidi
2507 2351 2626 2395 na-
2665 2307 3001 2419 ἶῗζῖἷιῖἶόῗῖ

350 2417 592 2487 turalis
622 2417 1032 2515 humidique
1066 2418 1321 2517 proprii
1349 2470 1372 2504 ,
1399 2442 1540 2489 non
1567 2444 1796 2492 autem
1820 2421 2043 2493 vitalis
2065 2421 2310 2494 caloris
2349 2447 2467 2494 aut
2499 2424 2625 2495 hu·
2665 2408 2997 2511 sst'ssessfissssm

349 2515 528 2588 midi
548 2514 780 2613 aquofi
815 2515 1265 2591 consideratio
1300 2516 1583 2591 habetur
1605 2543 1855 2616 ,atque
1876 2519 2245 2594 humidum
2273 2526 2625 2622 proprium
2666 2538 2792 2573 “¹¹²-
2916 2513 2925 2519 ’

351 2638 493 2686 non
538 2617 937 2690 immediate
977 2615 1063 2688 ab
1092 2618 1451 2691 ambientis
1479 2619 1707 2690 calore
1733 2622 1988 2718 patitur
2007 2673 2030 2707 ,
2081 2620 2194 2692 sed
2225 2623 2410 2721 prius
2440 2626 2631 2714 calor

339 2717 678 2789 naturalis
723 2720 981 2816 patitur
1013 2743 1094 2789 ac
1133 2717 1490 2803 educitur,
1528 2742 1823 2812 eamque
1870 2722 2343 2792 evocationem
2382 2714 2636 2797 caloris
2685 2792 2689 2800 .

350 2836 687 2908 tanquam
739 2816 953 2885 causae
1008 2815 1318 2911 opposita
1372 2813 1684 2909 patibilia
1749 2818 2153 2883 continentis
2208 2814 2637 2912 unientisque

251 2904 260 2911 ’
351 2909 631 2982 humidi
678 2907 1028 2981 diffolutio
1078 2909 1336 3008 proprii
1383 2907 1820 3004 consequitur
1860 2908 2327 3007 separatioque
2358 2915 2398 2983 ὲ
2441 2911 2637 2987 sicco.

352 3006 578 3098 Quod
625 3009 1038 3107 experientia
1088 3011 1160 3081 in
1207 3005 1419 3077 aridis
1457 3004 1878 3080 demonstrat
1914 3009 2122 3106 lignis
2147 3063 2170 3097 ,
2215 3036 2369 3107 quae
2409 3012 2520 3085 vel
2557 3015 2637 3085 in

354 3110 628 3208 magnis
673 3106 960 3181 aestubus
1006 3105 1307 3204 locisque
1333 3104 1787 3179 fervidiffimis
1826 3106 2170 3182 servantur
2215 3109 2580 3185 diutissime
2605 3168 2636 3202 ,

299 3242 302 3247 ·
353 3232 479 3281 nec
506 3206 796 3305 usquam
840 3231 979 3278 non
1004 3206 1161 3278 ante
1196 3205 1737 3281 evocato‘calore
1762 3208 2009 3278 intimo
2039 3213 2109 3281 &
2140 3212 2436 3282 naturali
2467 3239 2635 3285 con.-

264 3341 274 3350 ·
354 3308 629 3380 tinuans
669 3309 825 3380 elici
869 3305 1240 3379 humidum
1274 3306 1558 3403 experiri
1607 3305 1721 3378 est.
1773 3303 1861 3378 In
1910 3308 2052 3379 vini
2080 3332 2311 3381 autem
2351 3332 2635 3384 conver.-

355 3401 545 3478 sione
585 3410 654 3477 in
684 3431 954 3479 acetum
1000 3406 1221 3479 vitalis
1254 3405 1499 3474 caloris
1548 3404 1950 3478 exhaustum
1978 3405 2413 3506 praegreffum
2455 3409 2631 3480 reso-
2712 3432 2717 3437 ·

355 3503 534 3577 lutio
579 3504 862 3577 ‘humidi
897 3503 1181 3576 minime
1213 3501 1649 3598 consequitur
1673 3557 1699 3591 ‚
1736 3502 1853 3577 sed
1911 3507 2311 3580 immediate
2355 3506 2443 3578 ab
2486 3533 2632 3578 am-

355 3597 604 3676 bientis
658 3606 885 3677 calore
914 3610 985 3677 &
1025 3603 1215 3674 calor
1239 3602 1466 3677 vitalis
1501 3603 1763 3676 elicitur
1812 3610 1882 3681 &
1914 3598 2283 3679 humidum
2324 3601 2633 3679 dissolvi-

357 3726 470 3774 tur
527 3729 825 3800 aqueum
851 3756 876 3790 ,
935 3705 1077 3774 imo
1117 3699 1251 3774 fine
1313 3702 1498 3773 illius
1543 3702 1977 3777 exhalatione
2027 3703 2156 3776 hoc
2206 3702 2631 3801 quandoque

360 3802 780 3876 consumitur
851 3830 872 3878 ;
918 3804 1151 3898 itaque
1189 3825 1308 3874 aut
1337 3798 1425 3872 ab
1455 3825 1749 3898 utroque
1798 3804 2023 3891 calore
2074 3806 2352 3903 proprio
2386 3810 2455 3877 δε
2484 3830 2628 3876 am-

359 3894 604 3975 bientis
660 3901 935 3976 humidi
986 3901 1299 3991 resolutio
1335 3899 1431 3972 *fit
1482 3900 1883 3974 immediate
1909 3954 1932 3988 ,
1980 3927 2100 3975 aut
2134 3901 2309 3975 certe
2340 3926 2629 4002 praegre·

347 3998 551 4072 -ditur
579 3996 818 4076 vitalis⁴
851 4004 1094 4074 caloris
1129 3999 1600 4078 evocationem
1629 3998 1877 4095 majori
1904 4027 1984 4075 ex
2030 4023 2227 4101 *parte
2274 4026 2392 4075 aut
2443 4002 2630 4102 peni<

357 4118 495 4172 zus-
2262 4180 2311 4189 ..

2036 4194 2209 4279 Lu
