3593 5087
2870 197 2901 209 ‘-

917 356 1063 476 38'8
1193 377 1601 457 Momm
1695 378 2225 458 ExTERNr
2328 376 2862 458 HABITus

916 501 1285 600 suppurato
1317 530 1434 579 aut
1479 506 1733 607 topho,
1775 513 1988 598 cujus,
2022 507 2365 607 suppurati
2396 507 2683 604 quidem
2727 509 2988 579 ratione
3039 509 3197 579 san-i

915 604 1205 697 guinem
1259 602 1528 679 fluxum«
1551 606 1864 680 accusare
1904 604 2098 705 poffis
2125 662 2150 696 ,
2199 614 2268 681 &
2312 613 2505 698 cujus
2548 607 2741 705 tophi
2794 607 3044 706 pariter
3079 633 3189 677 ra·-

841 721 848 728 ·
917 701 1102 772 tione
1155 702 1511 778 humorem
1546 707 1850 800 aliquem
1898 706 2404 778 craffiusculum
2447 703 2577 778 five
2621 706 3018 804 pituitosum
3065 731 3190 776 aut

911 800 1216 897 aliquem
1263 807 1477 878 alium
1508 860 1531 893 ‚
1568 809 1674 879 vel
1700 806 1902 877 etiam
1935 805 2237 877 ichorem
2275 808 2409 901 qui„
2444 805 2897 878 diuturnitate
2925 821 3185 903 tempo-

912 899 1004 968 ris
1038 903 1454 977 concrescere
1481 908 1550 977 in
1578 906 1848 1005 lapillos
1875 906 2127 991 solent,
2159 910 2307 994 jure
2338 904 2682 1002 criminari
2723 906 2968 975 valeas.
3003 908 3187 997 Quia

911 997 1130 1092 igitur*
1144 1002 1345 1089 solus
1378 1005 1607 1075 humor
1610 1009 1874 1097 setosus
1898 1006 2156 1100 persei-'ie‘
2200 1006 2438 1094 resolvi
2468 1006 2664 1099 potes}
2684 1000 2759 1073 ό·
2795 1026 3009 1073 tumor
3040 1028 3188 1073 cum

911 1095 1252 1170 arthritico
1305 1105 1521 1174 dolore
1567 1103 1948 1196 conjunft'us
1980 1102 2237 1199 perfide
2253 1102 2531 1198 Julfider
2556 1150 2589 1183 ,
2632 1105 2693 1171 is
2731 1106 2892 1173 certe·
2942 1106 3017 1172 in
3048 1128 3187 1174 eum

911 1192 1237 1270 humorem.
1258 1200 1550 1291 set-ostem
1593 1210 1796 1298 regeri
1835 1205 2051 1304 potest.

1014 1293 1442 1395 Quanquam
1480 1328 1621 1375 non
1641 1303 1734 1376 est
1764 1303 2135 1376 absurdum
2177 1296 2523 1401 progressu
2552 1303 2875 1398 temporis
2898 1300 3180 1375 tandem

914 1393 1250 1470 nodosam
1281 1396 1469 1499 posse
1492 1402 1780 1476 evadere
1808 1400 2239 1476 arthritidem
2259 1453 2283 1488 ,
2305 1399 2637 1497 fiquidem
2662 1398 2809 1473 fieti
2833 1402 2945 1475 vix
2968 1401 3179 1498 potest

916 1515 994 1562 ut
1031 1498 1144 1567 vel
1173 1498 1390 1570 serum
1426 1501 1468 1571 ὲ
1506 1503 1729 1599 capite
1763 1501 2052 1600 quidem
2090 1499 2421 1573 distillans
2463 1525 2605 1573 non
2653 1501 2880 1573 secum
2919 1498 3181 1572 deferat

914 1593 1178 1666 mucofiv
1202 1598 1469 1693 aliquid
1509 1602 1995 1676 excrementitii
2037 1603 2110 1673 in
2159 1598 2432 1673 cerebro
2483 1600 2830 1685 humoris,
2876 1600 3002 1693 qui
3028 1597 3180 1670 diu-

910 1695 1234 1780 turnitate
1298 1702 1618 1799 temporis
1667 1708 1737 1774 δε
1777 1701 1975 1773 ωσι-ἑ
2016 1702 2087 1772 in
2130 1700 2427 1774 articulis
2476 1700 2833 1772 lentescens
2878 1702 3177 1795 rigorem

894 1791 986 1862 in
1049 1793 1351 1893 partibus
1415 1801 1802 1897 relinquat,
1853 1808 1923 1875 ὅ(
1989 1800 2362 1887 duritiem,
2415 1801 2574 1874 cum
2640 1801 2859 1870 lentus
2930 1798 3181 1870 humor

907 1914 1052 1964 non
1100 1896 1297 1995 possit
1349 1899 1553 1973 facile
1607 1926 1786 1975 totus
1832 1900 2116 1986 discuti,
2160 1925 2244 1972 ut
2274 1900 2446 1971 nihil
2496 1905 2643 1988 ejus
2698 1895 2975 2000 superfit
3004 1949 3030 1983 ,
3071 1898 3199 1969 vel·

910 1988 1104 2085 quod
1150 2001 1400 2096 pariter
1437 1998 1673 2074 e‘vafis
1712 2003 1984 2099 magnis
2029 1998 2296 2097 depluit
2338 2004 2408 2072 δε
2442 1996 2808 2098 deponitur
2842 1997 3065 2098 serum
3106 1999 3179 2068 in

906 2093 1273 2185 articulos,
1331 2099 1406 2170 id
1439 2126 1578 2172 non
1623 2100 1849 2172 diluat
1883 2101 2186 2195 aliquem
2236 2097 2539 2169 ichorem
2563 2150 2588 2184 ,
2616 2095 2725 2170 vel
2773 2098 2982 2168 etiam
3024 2121 3175 2167 are-

904 2192 1146 2265 nosum
1207 2220 1326 2268 aut
1378 2196 1761 2274 fabulosum
1815 2196 2105 2296 aliquod
2157 2220 2695 2281 excrementum,
2738 2194 2936 2290 quod
2980 2219 3196 2291 aquae:

904 2289 980 2357 in
1036 2293 1238 2370 usum.
1290 2300 1584 2371 venienti
1642 2297 1879 2399 passim
1943 2299 2328 2371 immixtum
2389 2300 2457 2370 &
2517 2294 2876 2368 confusum
2912 2289 3047 2368 effe
3083 2294 3184 2365 so-

908 2389 1020 2460 let.

1004 2489 1226 2565 Certe*
1260 2519 1662 2592 quanquam
1721 2498 1790 2567 in
1835 2494 2078 2568 illustri
2136 2518 2398 2593 aegroto
2459 2493 2734 2592 sanguis
2782 2491 3047 2567 bilescit
3102 2500 3184 2569 δε,

906 2584 1140 2673 {estuat
1167 2644 1192 2676 ‚
1233 2615 1460 2665 tamen
1502 2597 1667 2690 quia
1711 2594 1902 2668 alvus
1944 2591 2095 2666 fluit
2145 2594 2404 2693 semper
2446 2591 2703 2666 biliosis
2754 2598 2825 2667 &
2890 2594 3173 2691 liquidis

904 2693 1337 2764 excrementis
1363 2747 1386 2781 ,
1427 2719 1566 2765 non
1592 2696 1845 2766 mirum
1890 2689 2020 2767 effe
2067 2691 2273 2765 debet
2311 2693 2656 2789 hucusque
2702 2719 3043 2766 tumorem
3070 2720 3187 2765 ar—

903 2783 1254 2864 thriticum
1297 2796 1599 2892 protinus
1646 2790 1989 2867 subfidiffe
2018 2846 2042 2882 ‚
2089 2797 2160 2868 &
2190 2792 2460 2864 nullum
2512 2792 2802 2891 tophum
2828 2796 2901 2863 in
2942 2817 3026 2865 eo
3071 2820 3185 2866 re-

859 2886 862 2891 ’
907 2886 1198 2980 listum,
1237 2896 1358 2988 qui
1395 2890 1628 2965 sensim
1666 2892 2185 2993 generarialias
2236 2890 2402 2965 solet
2426 2917 2507 2963 ex
2547 2888 2793 2963 biliofis
2828 2890 3191 2967 ichoribus.

903 3010 1042 3081 prae
1087 2994 1282 3064 morai
1330 2991 1685 3064 induratis.
1725 2992 1914 3065 Nam
1960 2991 2173 3064 setosa
2210 2988 2515 3091 profeao
2537 2992 2861 3063 colluvies
2913 2993 2983 3061 in
3019 3016 3183 3091 pro--

899 3083 1136 3181 posita*
1157 3091 1513 3163 arthritide
1559 3116 1699 3163 non
1724 3092 2260 3192 tam-deponitur
2288 3090 2325 3162 ὲ
2344 3088 2704 3165 rvisceribus
2739 3089 2950 3184 quam
2992 3090 3031 3161 ὲ
3056 3115 3178 3164 va-

899 3180 983 3255 fis
1035 3210 1182 3259 toto
1224 3187 1457 3263 habitu
1495 3194 1834 3291 corporis;
1862 3218 1942 3264 cu
1948 3196 2053 3278 jus
2083 3215 2235 3290 pars
2283 3191 2536 3290 partim
2581 3193 2652 3261 in
2703 3191 2929 3262 alvum
2989 3188 3181 3261 secem

901 3281 1007 3356 dit
1045 3312 1300 3387 perque
1341 3291 1591 3364 viscera
1630 3290 1992 3364 decurrens
2036 3290 2243 3364 bilem
2262 3315 2538 3361 omnem
2583 3290 2876 3387 detergit
2912 3287 3184 3361 secum-

898 3409 1038 3481 que
1078 3388 1298 3463 defert
1344 3392 1416 3461 in
1447 3393 1774 3465 senti-nam
1825 3393 2033 3464 totius
2074 3392 2410 3489 corporis;
2447 3390 2658 3462 altera
2710 3414 2941 3462 autem
2987 3388 3186 3461 reffit·

896 3489 972 3560 in
1025 3493 1340 3566 articulos
1387 3490 1595 3563 fertur
1619 3541 1644 3575 ,
1699 3516 1853 3586 quae
1904 3494 2079 3587 qu'ia·
2100 3489 2668 3563 excrementitiam
2698 3486 2913 3559 bilem
2947 3489 3187 3559 inillis

897 3583 1065 3661 vasis
1096 3618 1236 3665 non
1287 3593 1528 3690 reperit
1563 3612 1687 3659 nec
1726 3591 1946 3660 ullum
1997 3591 2211 3662 alium
2261 3588 2561 3660 ichorem
2591 3640 2615 3676 ‚
2641 3585 2989 3682 siquidem
3012 3587 3167 3657 san-

896 3689 1053 3781 guis
1095 3691 1420 3778 minime,
1451 3689 1566 3762 sed
1619 3686 2018 3759 incendium
2058 3687 2393 3760 duntaxat
2431 3694 2502 3761 δι
2555 3682 3191 3760 inflammationem·

896 3789 1193 3890 concipit
1216 3846 1242 3880 ,
1271 3795 1504 3887 itaque
1530 3788 1671 3861 sola
1705 3791 1775 3860 &
1813 3811 2038 3887 expers
2071 3788 2419 3859 mixtionis
2476 3785 2744 3860 invadit
2784 3788 2856 3856 in
2915 3789 3179 3858 articu-

820 3933 823 3936 -
895 3884 995 3953 los
1020 3937 1042 3970 ‚
1067 3889 1230 3963 inde
1250 3891 1423 3966 nihil
1448 3891 1691 3963 terreni
1729 3888 2051 3984 relinquit
2074 3941 2097 3975 ,
2122 3884 2322 3985 quod
2355 3890 2428 3979 in
2453 3885 2721 3959 nodum
2746 3882 3194 3958 concrescere

895 3982 1127 4079 poffit,
1206 3993 1363 4062 cum
1431 3990 1571 4089 ipse
1626 3986 1873 4060 setosus
1934 3987 2181 4059 humor.
2238 3986 2640 4089 perfefiiexa..
2681 3987 2908 4059 calore
2951 3983 3201 4085 panis

897 4083 1177 4160 tandem
1220 4088 1616 4166 discutiatur
1651 4092 1719 4163 &
1753 4086 2017 4186 prorsus
2054 4086 2464 4164 resolvatura
