3593 5087
914 413 1062 495 4’42
1213 383 1616 465 MORBI
1707 378 2279 478 EXTERNI
2368 378 2950 462 ‘HA'BITUS

1022 516 1288 593 Adhaec
1345 515 1554 591 fidem
1590 516 1756 592 facit
1815 514 2126 590 conditio
2170 513 2397 588 delirii
2440 538 2970 613 caeterorumque
3016 511 3196 614 sym-

922 643 1310 722 ptomatum
1353 615 1805 692 afficientium.
1840 614 2051 690 Nam
2085 613 2410 688 delirium
2467 615 2613 687 leve
2644 609 3061 713 minimeque
3096 621 3196 690 le-

922 720 1109 793 thale
1163 716 1279 790 etsi
1328 718 1742 790 continuum¹
1784 741 1902 816 per
1946 716 2292 814 integrum
2326 713 2774 814 septenarium
2821 739 2958 785 non
2990 718 3206 788 aliam

925 817 1198 890 causam
1250 815 1498 890 habere
1542 816 1765 916 potuit
1789 816 2003 912 quam
2029 814 2320 886 serosum
2355 813 2714 884 humorem
2739 814 2811 883 in
2846 837 2995 885 toto
3020 815 3206 887 ebul-

926 918 1201 989 lientem
1231 916 1440 1012 inque
1486 940 1694 1014 caput
1733 913 2267 988 effervescentem
2325 941 2340 983 t
2391 914 2556 984 mite
2582 965 2606 1000 ‚
2650 913 2938 1009 inquam
2969 965 2993 1000 ‚
3043 913 3212 985 deli-

925 1018 1104 1088 rium
1157 1039 1429 1116 propter
1483 1014 1783 1087 humoris
1809 1012 2185 1112 benignum
2212 1013 2604 1110 ingeniurm
2641 1012 2754 1083 sed
2790 1037 2931 1082 non
2968 1014 3215 1085 lethale

928 1139 1205 1215 propter
1246 1114 1515 1188 facilem
1558 1112 1864 1203 ejusdem
1914 1113 2442 1197 resolutionem,
2492 1137 2653 1181 narn
2705 1111 2984 1208 vigilias
3030 1112 3208 1183 certe

788 1275 791 1277 ,
881 1247 888 1250 ³
932 1214 1161 1313 delini
1209 1210 1931 1311 comitesfuliginibus
1973 1211 2011 1284 ὲ
2057 1211 2387 1311 sanguine
2420 1205 2849 1282 inflammato
2880 1209 3208 1283 continuo

934 1312 1394 1414 expirantibus
1427 1315 1766 1412 imputare
1800 1335 2087 1410 oportet.

1019 1413 1372 1485 ‚Caeteritm
1398 1437 1804 1509 quanquam
1855 1413 1985 1481 hoc
2021 1409 2571 1483 exanthematum
2606 1432 2824 1507 genus
2864 1403 3002 1480 fine
3056 1407 3207 1509 sup-

991 1536 1186 1584 urato
1217 1514 1617 1583 terminatur
1668 1510 2132 1606 evanescitque
2157 1507 2391 1607 sponte
2421 1561 2445 1594 ‚
2489 1507 2726 1606 utpote
2758 1510 2919 1578 cum
2953 1533 3209 1604 aqueus

936 1537 1189 1683 Rumor
1235 1607 1308 1680 sit
1335 1610 1641 1708 perfecstae
1675 1609 2098 1680 resolutionis
2136 1614 2207 1681 &
2245 1610 2745 1705 evaporationis
2789 1632 2866 1678 ca
2921 1631 3004 1677 ax
3039 1659 3064 1694 ,
3115 1632 3208 1678 ta-

572 1699 910 1806 ,οᾷῗξῗῗζξξ
944 1737 1099 1783 men
1131 1710 1572 1781 nihilominus
1596 1731 1733 1779 non
1768 1707 1863 1780 est
1897 1704 2347 1808 improbabile
2376 1710 2416 1778 ὲ
2466 1705 2726 1782 fervore
2764 1706 2859 1777 sal
2887 1734 2909 1777 ι
2966 1706 3208 1778 humo·

573 1813 864 1920 ffg‘ffssn‘·
943 1814 1031 1883 ris
1063 1809 1514 1910 permixtique
1537 1806 1710 1878 forte
1739 1807 1980 1878 calidis
2013 1805 2192 1878 siccis
2227 1803 2360 1878 five
2387 1804 2767 1905 fuliginosis
2800 1805 3205 1906 vaporibus,

716 1902 733 1920 ⁹
942 1916 1017 1985 ἀ
1089 1910 1414 2009 putrentis
1494 1933 1611 2007 per
1664 1906 2117 2005 septenarium
2193 1905 2563 1977 cuticulam
2613 1908 2824 1979 veluti
2867 1904 3132 1977 amburi
3180 1958 3205 1993 ,

941 2009 1178 2104 itaque
1211 2009 1293 2079 'in
1341 2007 1626 2079 furfures
1665 2004 2082 2101 sordidaque
2123 2000 2565 2076 craffamenta
2595 2003 2710 2076 sed
2740 2029 2961 2105 pauca
2986 2029 3209 2077 tamen

940 2107 1128 2180 abire
1154 2160 1176 2194 ‚
1206 2101 1466 2179 tametsi
1498 2105 1692 2176 aliter
1733 2102 2085 2179 observare
2120 2101 2195 2174 sit
2228 2105 2296 2173 in
2336 2103 2582 2175 eodem
2612 2128 2858 2201 genere
2891 2105 3209 2175 exanthe-

938 2229 1203 2290 matum
1239 2230 1394 2303 quae
1438 2204 1782 2303 principiis
1821 2203 2413 2303 intermittendum
2461 2201 2751 2274 febrium
2808 2202 3025 2274 solent
3074 2202 3217 2273 asli·
3320 2199 3333 2215 ”

939 2305 1106 2377 'dere
1161 2337 1186 2375 .·
1239 2306 1562 2377 nimirum
1632 2303 1773 2374 haec
1817 2302 1989 2375 duas
2031 2304 2293 2374 circiter
2341 2303 2518 2372 intra
2569 2302 2767 2373 horas
2810 2302 3210 2374 evanescunt

917 2410 1016 2482 ,δε
1060 2408 1430 2476 cuticulam
1474 2405 1740 2474 tantum
1770 2400 2076 2474 afficiunt
2102 2455 2126 2488 ,
2168 2399 2360 2497 quod
2403 2399 2888 2498 effervescentia
2912 2400 3211 2473 humoris

940 2500 1141 2574 serofi
1173 2503 1402 2574 statim
1456 2502 1888 2596 conquiescat
1925 2526 2046 2572 nec
2085 2499 2565 2599 progrediatur
2605 2525 2747 2574 tam
2795 2502 3016 2600 longo
3053 2519 3210 2574 tem-

944 2625 1111 2699 pore
1136 2653 1159 2686 ,
1212 2604 1314 2671 uti
1347 2604 1418 2670 in
1464 2600 1771 2693 synochis
1801 2598 2094 2671 febribus
2125 2602 2483 2687 contingit.

592 2736 911 2788 „cumb”
1045 2699 1158 2770 De
1181 2701 1512 2768 curatione
1558 2720 1791 2767 autem
1841 2697 2087 2769 horum
2120 2698 2681 2770 exanthematum
2722 2723 2862 2769 non
2905 2697 2995 2771 est
3036 2698 3214 2769 insti-

535 2797 909 2903 ‘fssfnsffffeffi'
947 2798 1079 2868 tuti
1130 2796 1336 2868 nostri
1396 2796 1718 2867 minutius
1766 2819 2011 2891 agere,
2057 2796 2186 2867 hoc
2245 2798 2511 2869 tantum
2574 2797 2906 2869 monendi
2948 2822 3212 2891 tyrones

577 2910 727 2979 haugen
763 2930 788 2960 a
845 2914 911 2963 est
944 2921 1134 2971 venae
1161 2897 1523 2968 sectionem
1567 2895 1833 2967 mature
1872 2895 2279 2968 celebratam
2310 2892 2438 2967 effe
2466 2896 2759 2968 maxime
2785 2895 3216 2970 conducibile

575 2981 726 3016 ”⁸¹⁰⁸
935 2993 1328 3068 remedium
1393 2998 1465 3066 in
1541 2991 1856 3066 omnibus
1938 2995 2333 3083 hujusmodi
2414 2995 2708 3067 febribus
2755 3049 2779 3082 ‚
2853 2997 2922 3066 in
2977 2995 3215 3091 quibus

941 3095 1416 3166 'exanthemata
1442 3093 1858 3189 quacunque
1906 3096 2167 3165 ratione
2197 3119 2544 3192 erumpere
2584 3095 2797 3168 solent
2823 3148 2847 3181 ‚
2878 3097 3069 3167 nulla
3113 3095 3217 3168 vel

937 3190 1179 3265 habita
1253 3194 1517 3264 ratione
1565 3196 1778 3265 aetatis
1831 3189 1949 3272 nisi
1982 3192 2154 3265 forte
2194 3194 2520 3265 infantilis
2547 3246 2572 3280 ,
2611 3193 2828 3266 modo
2877 3193 3049 3266 adlit
3072 3196 3214 3293 ple-

937 3293 1183 3380 thora,
1218 3292 1484 3364 mature
1512 3345 1534 3379 ‚
1588 3295 1869 3389 inquam
1916 3292 2057 3364 imo
2088 3292 2250 3365 vero
2302 3295 2504 3364 etiam
2546 3295 3058 3392 quamprimum
3095 3318 3219 3392 ap-

937 3391 1343 3493 parentibus.
1382 3391 1572 3463 Nam
1628 3394 2035 3493 experientia
2087 3394 2400 3487 ratioque
2456 3391 2705 3464 docent
2761 3393 3008 3463 natura
3059 3417 3224 3463 non·

938 3492 1114 3563 nihil
1150 3492 1375 3566 levata
1406 3490 1491 3562 ab
1534 3514 1778 3578 onere,
1812 3490 1941 3563 hoc
1986 3490 2126 3578 est,
2169 3490 2511 3588 sanguinis
2549 3489 2978 3588 plenitudine
3010 3491 3228 3589 longi·

936 3590 1198 3663 facilius
1257 3598 1327 3666 δε
1373 3592 1443 3661 in
1494 3591 1744 3661 minori
1788 3590 2035 3689 copia,
2100 3590 2293 3685 quod
2342 3590 2499 3662 san’e
2551 3589 2938 3688 optandum
2980 3590 3072 3662 est
3113 3594 3221 3661 in-

936 3692 1175 3786 primis
1199 3743 1222 3778 ,
1260 3688 1618 3786 erumpere
1652 3692 2131 3761 exanthemata
2159 3741 2181 3775 ,
2228 3715 2447 3785 neque
2490 3691 2791 3787 corporis
2828 3688 3217 3762 universum

933 3786 1249 3860 habitum
1319 3790 1510 3861 tanta
1573 3790 1875 3889 opprimi
1932 3786 2366 3883 infestarique
2422 3789 2799 3886 putredine.
2866 3790 3215 3880 speciatim

876 3925 884 3934 ·
933 3909 1168 3956 autem
1193 3888 1522 3960 monendi
1561 3911 1843 3983 quoque
1880 3886 2029 3958 sunt
2070 3911 2339 3981 tyrones
2366 3939 2388 3973 ‚
2419 3886 2514 3958 ad
2558 3886 2929 3976 juvandam
2956 3887 3219 3961 horum

924 3983 1489 4059 «exanthematum
1519 3986 2011 4057 resolutionem
2025 3985 2674 4082 accelerandamque
2710 4012 2849 4057 non
2896 3986 3229 4057 inutilem

919 4075 1067 4147 -efl‘e
1093 4089 1464 4163 -culcirram—
1486 4097 1518 4161 e·
1531 4084 1865 4179 fabarum·
1872 4094 2136 4182 putrere
2173 4109 2547 4163 contextam
2572 4138 2599 4177 ³
2630 4085 2826 4185 super
2871 4086 3019 4185 ‘1¹³a
3045 4108 3242 4188 ²8²1

562 510 666 577 Syn
718 518 875 579 onata

564 579 629 613 ou
740 577 884 613 enun-

940 4173 1268 4250 dormiat.
