3593 5087
2724 450 2772 497 Χ
2786 449 2872 500 111

630 541 951 621 vidorum
1006 538 1371 615 sciolorum
1399 534 1882 613 maledicentia
1928 533 2211 613 reddere
2241 590 2266 626 ,
2309 532 2474 633 quia
2512 559 2591 609 ut
2638 541 2888 637 plantae

639 668 870 715 omnes
912 667 1164 714 terram
1214 640 1493 739 ingenio
1543 640 1662 711 suo
1726 646 1796 713 ὅ(
1846 663 2097 712 naturae
2149 662 2641 737 congruentem
2684 641 2891 711 semel

636 744 851 815 112.stae
880 793 899 826 ,
946 767 1025 811 ac
1068 739 1340 813 vivifico
1378 737 1548 809 Solis
1589 740 1817 811 calore
1845 738 2188 837 tepesa&ae
2247 743 2316 810 δε
2351 760 2680 836 vegetatae
2721 737 2890 809 ube.-

638 844 846 912 riores
903 836 1256 911 effundunt
1318 836 1762 933 melioresque
1827 838 2136 914 frustum
2210 833 2408 907 simili
2465 835 2678 906 modo
2726 838 2887 910 navi

636 939 973 1031 fortesque
1025 938 1325 1009 homines
1382 936 1657 1007 honesta
1709 936 2018 1032 quadam
2063 938 2300 1036 gloriae
2358 941 2428 1009 δε
2493 933 2885 1008 ambitionis

629 1037 1011 1137 cupiditate
1058 1062 1386 1132 tanquam
1426 1034 1748 1107 solaribus
1777 1036 1989 1110 radiis
2020 1022 2274 1106 accensi
2303 1086 2326 1121 ‚
2378 1059 2731 1130 artemque
2758 1037 2886 1106 ali-

633 1163 848 1232 quam
892 1138 1173 1235 ingenio
1212 1136 1327 1207 suo
1373 1160 1455 1205 ac
1502 1134 1807 1206 moribus
1855 1134 2280 1209 conformem
2324 1134 2535 1204 veluti
2567 1135 2887 1230 *aliquem

636 1234 978 1307 industriae
1027 1235 1154 1307 suae
1208 1260 1530 1332 campum
1604 1234 1842 1332 adepti
1895 1259 2128 1305 omnes
2197 1233 2412 1304 animi
2466 1238 2537 1307 δε
2588 1238 2886 1331 corporis

626 1360 868 1406 nervos
914 1359 1039 1432 pro
1083 1331 1370 1432 Reipub.
1410 1334 1702 1405 utilitate
1741 1333 2006 1407 facilius
2054 1332 2389 1428 altiusque
2426 1332 2762 1432 explicant
2813 1340 2885 1407 δε

632 1434 1077 1504 contendunt.

730 1532 948 1626 Atqui
972 1529 1016 1600 fi
1051 1531 1153 1602 hae
1172 1528 1500 1631 Principis
1536 1527 1912 1639 prudentiae
1961 1530 2215 1603 corculi
2249 1528 2610 1631 paraeneses
2635 1586 2659 1620 ,
2708 1531 2877 1603 haec-
2909 1552 3247 1623 Lanae-oner-

631 1655 763 1725 que
796 1632 1073 1703 decreta
1109 1630 1258 1703 sunt
1288 1629 1597 1730 expressae
1627 1631 1825 1704 Divae
1864 1631 2200 1729 sapientiae
2229 1656 2425 1703 voces
2459 1638 2528 1705 &
2551 1631 2829 1704 oracula
2855 1683 2878 1712 ‚
2911 1613 3244 1671 ²⁰³¹²⁸⁸¹⁰ff⁶²⁰

629 1754 841 1822 quam
872 1730 1289 1801 fortunatum
1319 1785 1344 1819 ,
1400 1729 1444 1799 ὁ
1475 1728 1646 1802 liber
1695 1755 1759 1801 te
1792 1754 1986 1800 tanto
2042 1755 2372 1828 patron0‚
2422 1755 2614 1802 tanto
2651 1730 2882 1805 dicam

625 1827 856 1916 judice
884 1836 900 1898 Ξ
954 1854 1087 1926 age
1118 1855 1353 1926 rumpe
1380 1854 1604 1900 moras
1630 1835 1700 1903 δε
1726 1828 1762 1899 ὲ
1790 1830 1984 1899 cunis
2011 1852 2153 1899 tam
2185 1827 2485 1926 benigno
2531 1830 2723 1919 Jovis
2779 1833 2884 1903 af·-

631 1922 803 1997 flatu
844 1952 969 1997 ceu
1026 1928 1354 1999 Hercules
1412 1928 1643 1996 adhuc
1690 1930 1970 2024 vagiens
2029 1925 2196 1997 elisis
2236 1929 2559 2024 pestiferis
2606 1930 2882 2003 invidiae

631 2020 928 2095 colubris
988 2030 1055 2097 ὅ(
1102 2020 1316 2122 posito
1381 2024 1747 2094 infantium
1794 2024 1888 2094 ad
1930 2024 2282 2095 arundinis
2332 2024 2680 2121 strepitum
2711 2078 2733 2110 ,
2771 2054 2886 2099 aut

627 2121 953 2192 foliorum
1001 2122 1347 2203 susurrum
1380 2122 1874 2220 trepidantium
1897 2147 2087 2193 metu
2130 2119 2436 2217 felicibus
2472 2121 2780 2220 auspiciis
2806 2150 2886 2195 ac

618 2222 939 2316 :equitate
976 2220 1245 2308 Judicis
1278 2221 1484 2292 fretus
1518 2272 1540 2305 ,
1594 2218 1864 2315 tuisque
1908 2219 2133 2292 audax
2177 2219 2536 2293 virtutibus
2561 2220 2885 2293 celebrio-

625 2345 783 2392 rum
841 2318 1130 2391 ascende
1187 2321 1446 2417 pulpita
1491 2317 1922 2406 scholarum,
1972 2325 2042 2391 &
2092 2317 2484 2391 dofflorum
2532 2319 2880 2393 contuber-

626 2422 746 2490 nio
787 2418 1104 2517 deinceps
1129 2413 1437 2489 assuesce.
1469 2415 1644 2509 Quis
1670 2419 1853 2488 enim
1889 2442 2031 2488 tam
2059 2415 2296 2490 severae
2323 2472 2347 2506 ,
2395 2444 2512 2488 aut
2555 2420 2878 2519 maligna:

620 2517 862 2590 frontis
898 2519 1020 2612 qui
1059 2543 1121 2590 te
1155 2542 1296 2589 tam
1348 2515 1660 2616 sapientis
1694 2512 2020 2617 Principis
2073 2517 2594 2591 autboramento
2649 2525 2877 2594 muni-

622 2642 772 2688 tum
804 2614 1307 2714 figillatumque
1343 2643 1478 2687 non
1522 2615 1725 2686 hilari
1752 2615 2174 2687 exosculetur
2208 2618 2400 2690 vultu
2432 2671 2455 2704 ,
2507 2643 2642 2688 non
2679 2618 2878 2694 bene·

616 2717 781 2790 volo
853 2716 1139 2815 excipiat
1200 2714 1339 2786 sinu
1368 2768 1394 2802 ‚
1460 2741 1599 2787 uon
1646 2713 1882 2786 serenis
1923 2716 2112 2805 juxta
2153 2739 2357 2812 atque
2403 2715 2630 2816 ‘avidis
2688 2719 2876 2818 legat

612 2815 1076 2914 ‚perlegatque
1101 2815 1364 2890 oculis?

721 2912 1062 3009 Equidem
1113 2938 1188 2985 ut
1244 2913 1446 2985 stellae
1509 2916 1579 2985 in
1616 2912 1794 2986 coelo
1848 2914 2074 2985 lucent
2127 2911 2257 2984 hoc
2305 2914 2571 2985 tantum
2643 2943 2718 2988 ut
2771 2917 2876 2988 lu-

621 3036 820 3097 ceant
851 3066 873 3100 ‚
927 3010 1016 3082 fic
1052 3039 1125 3083 tu
1154 3037 1396 3084 natura
1424 3018 1493 3084 ὅ(
1521 3014 1962 3083 inclinatione
1985 3009 2325 3084 beneficus
2349 3009 2482 3084 fine
2510 3015 2640 3084 aliz}⁴
2673 3014 2868 3088 affec-

623 3111 879 3182 tatione
922 3136 1043 3183 aut
1100 3108 1366 3183 affeetu.
1415 3107 1509 3180 Sit
1540 3112 1632 3180 ita
1670 3111 1840 3182 sane.
1875 3109 2345 3183 Veruntamen
2392 3110 2586 3208 quod
2618 3114 2870 3187 Seneca

622 3206 713 3281 de
771 3208 1082 3308 Augusto
1135 3207 1650 3308 prudentissimo
1699 3207 2013 3307 Principe
2049 3208 2274 3281 dicere
2309 3208 2559 3282 solebat
2591 3265 2613 3297 ,
2658 3216 2868 3284 malle

619 3306 687 3377 fe
738 3312 877 3397 ejus
902 3308 1234 3397 judicium
1276 3311 1486 3403 qu'am
1515 3307 1925 3379 beneficium
1953 3361 1975 3394 ‚
2020 3307 2108 3378 de
2136 3332 2203 3378 te
2230 3308 2416 3383 idem
2445 3314 2660 3385 verius
2692 3321 2759 3385 &
2788 3338 2869 3383 ex

617 3406 854 3475 animo
895 3407 1119 3479 dicere
1155 3404 1420 3504 possum
1451 3461 1473 3494 ,
1534 3405 1996 3506 sapientissime
2026 3405 2396 3479 PRmcEPs
2418 3462 2440 3494 ,
2474 3409 2714 3499 judicii
2745 3407 2867 3480 sci-

617 3501 1005 3577 licetsolidi
1032 3558 1057 3591 ‚
1105 3505 1345 3593 judicii
1371 3505 1731 3577 constantis
1747 3560 1771 3594 ,
1812 3506 2048 3595 judicii
2069 3505 2373 3604 exquisiti
2403 3509 2688 3604 egregia
2720 3506 2863 3580 laus

586 3626 767 3673 ‘tota
813 3629 930 3676 tua
976 3604 1109 3689 est,
1157 3604 1316 3674 curn
1356 3606 1625 3677 fortuna
1674 3605 2198 3704 magnificentiae
2248 3629 2578 3701 magnam
2606 3630 2864 3704 partem

616 3697 740 3771 fibi
792 3705 938 3790 jure
989 3701 1337 3775 vindicare
1380 3702 1567 3801 poffic
1614 3734 1631 3780 ;
1696 3712 1767 3778 δε
1814 3707 1978 3775 cum
2043 3704 2323 3789 hujusce
2369 3702 2630 3774 virtutis
2679 3730 2866 3779 com-

616 3800 1064 3872 mendatione
1092 3803 1303 3900 longo
1329 3797 2331 3902 intervalloprincipes'caetetos
2356 3796 2614 3896 superes
2663 3855 2686 3888 ,
2759 3809 2865 3895 ju-

617 3899 785 3970 dicii
827 3901 1006 3971 certe
1034 3908 1127 3974 ὅς’
1158 3900 1538 4000 prudentiae
1590 3904 1895 4002 palmam
1933 3903 2140 3972 etiam
2180 3895 2513 3997 sapientiae
2564 3899 2888 3975 studium*

614 3998 1084 4097 profitentibus
1129 3996 1534 4099 praeripuiffe
1579 3999 1894 4075 videaris.
1942 3994 2094 4069 Sine
2139 3997 2323 4068 enim
2383 4024 2502 4097 per
2546 4023 2732 4071 tuam
2799 4028 2867 4073 te

586 4096 1022 4190 ¹modestiam
1060 4125 1181 4170 oro
1219 4153 1241 4185 ‚
1276 4096 1410 4172 fine
1446 4128 1556 4172 me
1587 4099 1923 4200 praeterire
1945 4151 1967 4182 ,
2021 4098 2278 4193 quanta
2305 4098 2375 4167 in
2403 4097 2624 4171 omnis
2655 4099 2866 4195 gene.-

592 4200 717 4294 ‚xis3
739 4197 967 4296 litium
991 4251 1017 4288 ,
1077 4223 1232 4295 quae
1267 4196 1581 4297 quotidie
1616 4202 1687 4272 in
1708 4193 2073 4302 ¹sacrati-‚ore
2111 4222 2258 4300 tuom
2290 4196 2564 4272 consilio
2601 4196 2865 4287 discept-
