3593 5087
849 416 1010 492 AB·
1122 409 2273 497 ILLle-RSEROSAE
2527 440 2673 524 241'

436 537 552 631 fid
570 566 698 638 quoe
701 541 1003 637 singulis
1025 546 1249 614 diebus
1277 546 1455 613 circa
1484 545 1793 612 decimam
1820 538 2044 610 horam
2075 540 2282 612 noc'iis
2322 543 2675 639 interrupto

444 648 647 732 primo
674 639 913 732 somno
963 645 1179 715 virum
1205 647 1387 735 pium
1438 644 1472 709 e'
1522 640 1822 712 cathedra
1846 691 1869 724 ,
1919 645 1991 708 in
2044 651 2175 735 qud
2223 641 2389 712 recia
2440 643 2676 716 cervice

445 745 703 833 quietem
728 741 903 833 capit
932 793 964 827 ,
1000 743 1310 834 derepente
1359 744 1607 809 excitat
1634 735 1707 808 ό
1737 748 1825 805 ad
1882 765 2112 809 auram
2118 742 2445 833 frigidam
2494 770 2677 837 aper-

448 842 538 905 tis
559 839 854 931 fenestris
889 843 1277 933 captandam
1341 838 1886 931 hauriendamque
1930 863 2302 933 quanquam
2347 846 2626 913 invitum
2650 892 2675 927 ,

448 943 622 1028 cogit
644 990 667 1023 ,
715 962 854 1035 quae
902 961 1113 1009 tamen
1183 936 1541 1039 difficultas
1588 933 1826 1027 finlim
1865 940 2009 1030 post
2061 943 2313 1036 aliquot
2348 939 2544 1012 horas
2601 946 2676 1012 de

438 1034 569 1104 illa
598 1037 977 1108 vehementi&
1007 1043 1287 1109 remittit.
2274 1091 2282 1101 .

539 1138 918 1207 Pertinacia
949 1142 1109 1207 certe'
1120 1135 1505 1233 paroxysmi
1525 1162 1786 1220 necnon
1809 1139 2212 1208 diuturnitas
2228 1132 2490 1232 affeffus
2515 1166 2671 1210 con-

413 1232 734 1323 jeffuram
767 1239 1048 1330 nostram
1083 1242 1157 1305 de
1206 1235 1480 1332 bydro'pe
1506 1235 1790 1307 thoracis
1819 1242 2043 1327 potius
2091 1236 2288 1331 qucim
2321 1239 2394 1305 de
2443 1240 2674 1310 incubo

437 1335 822 1424 confirmare
849 1337 1119 1406 videtur.
1160 1339 1323 1405 Ciem
1357 1340 1523 1403 enim
1584 1333 1969 1430 exquisitam
2015 1336 2161 1405 vitoe
2207 1339 2522 1407 rationem
2557 1365 2678 1431 pro

402 1429 754 1525 fingulari
777 1437 984 1501 animi
1004 1436 1431 1503 moderatione
1457 1429 1531 1501 ό·
1548 1441 1964 1526 temperantia
1991 1431 2293 1504 hactenus
2307 1436 2550 1530 semper
2577 1439 2681 1508 vir
2744 1511 2749 1524 1

418 1532 579 1622 pius
579 1531 945 1623 servaverit
977 1585 1001 1619 ,
1048 1558 1237 1628 atque
1291 1537 1373 1601 ab
1429 1536 1726 1602 omnibus
1773 1538 1948 1603 ae’ris
1983 1536 2258 1625 injuriis
2264 1530 2528 1624 sartum
2554 1558 2682 1605 tec-

418 1650 686 1726 tumque
706 1630 787 1720 se
818 1630 1164 1722 defenderit
1199 1682 1221 1714 ‚
1271 1633 1510 1700 nemini
1549 1637 1787 1702 mirum
1841 1634 2044 1706 videri
2099 1635 2269 1701 debet
2326 1658 2419 1704 tot
2464 1653 2689 1705 annos·

409 1733 591 1818 serre
627 1728 898 1824 potutffe
948 1726 1315 1825 hujusmodi
1340 1735 1631 1800 morbum
1655 1731 1760 1820 ,fi
1772 1735 2017 1827 constat
2033 1737 2102 1800 in
2117 1735 2473 1824 palpitione
2492 1741 2674 1804 labo-

417 1831 725 1901 rantibus
740 1825 979 1924 fitsque
1005 1834 1195 1927 deque
1213 1856 1334 1924 pro
1356 1833 1564 1900 animi
1596 1833 1865 1901 libidine
1888 1835 2252 1904 viventibus
2282 1858 2392 1901 cor
2413 1833 2673 1926 impuni

412 1929 583 2021 poffi
622 1930 772 2018 fere
813 1931 1127 2001 viciniam
1173 1951 1353 2024 aquae
1395 1933 1465 1996 in
1493 1923 1637 2017 suti,
1669 1931 1940 2024 capfitlci,
1986 1931 2281 2023 perpetuo
2316 1935 2624 2000 metantis
2650 1959 2674 1999 ε

411 2032 596 2124 quod
621 2030 811 2102 volui
836 2027 1160 2122 annotaffi
1174 2055 1296 2121 pro
1294 2026 1641 2118 fingulari
1670 2037 1811 2099 med
1838 2055 1991 2121 erga
2032 2051 2286 2097 tantum
2310 2031 2530 2098 virum
2560 2033 2676 2097 ob·-

384 2122 748 2217 firvantia
788 2124 863 2197 ό·
919 2133 1142 2197 animo
1183 2124 1479 2218 juvandi
1503 2150 1589 2192 ex
1609 2150 1788 2217 parte
1812 2126 2143 2217 adversam
2186 2128 2327 2218 ejus
2354 2130 2677 2202 valetudi-

406 2251 568 2294 nem
599 2276 621 2308 ‚
647 2225 725 2310 st
770 2252 909 2320 quoe
955 2227 1142 2318 restat
1161 2227 1309 2317 [pes
1347 2223 1914 2319 redintegrationis
1962 2227 2099 2318 ejus
2148 2228 2677 2301 convenientibus

410 2326 737 2407 remedii,
789 2327 863 2392 de
897 2329 1133 2420 quibus
1157 2321 1356 2414 infra.
1990 2341 1991 2344 ’

519 2422 800 2493 Etenim
834 2425 990 2494 cum
1035 2423 1148 2492 hic
1181 2418 1462 2492 affectus
1495 2415 1625 2493 five
1654 2421 1824 2518 quia
1860 2447 2046 2496 rarus
2080 2475 2104 2509 ,
2152 2420 2424 2495 Galeno
2467 2422 2671 2522 siqui-

2703 2428 2949 2477 pref-me·
2974 2430 3027 2479 in

2703 2489 2850 2534 morbi
2880 2490 3024 2539 hino·

402 2521 584 2596 dem
615 2520 819 2594 semel
852 2520 1026 2597 visus
1059 2573 1083 2607 ‚
1159 2515 1288 2593 five
1326 2519 1494 2617 quia
1541 2521 1819 2594 oscurus
1866 2527 1937 2596 δε
1999 2519 2333 2595 abstrusus
2361 2577 2385 2611 ,
2440 2522 2667 2601 hanste-
2696 2548 2835 2596 eim.

405 2648 543 2695 nus
586 2622 877 2694 omnino
925 2619 1117 2717 quod
1166 2617 1372 2691 sciam
1411 2621 1451 2689 ὁ.
1481 2618 1780 2692 Medicis
1811 2618 2132 2693 Prasticis
2162 2619 2239 2692 fit
2320 2629 2668 2699 raetermis-

403 2722 568 2808 sus,
622 2746 847 2820 operae
896 2723 1210 2819 ptaetium
1258 2719 1432 2799 mihi
1477 2718 1777 2790 facturus
1832 2716 1961 2791 effe
2005 2719 2245 2792 videor
2329 2725 2568 2794 reviter
2599 2734 2671 2796 de

401 2829 668 2892 natura
699 2871 722 2905 ,
758 2819 1060 2912 diagnosi
1082 2866 1106 2896 ‚
1137 2814 1211 2886 ό·
1255 2818 1582 2885 curatione
1614 2814 1814 2911 quod
1853 2818 2065 2890 sentio
2114 2817 2364 2889 dicere.
2406 2817 2673 2892 Princi-

399 2920 533 3019 pio
566 2920 786 3015 igitur
817 2940 1223 3012 quanquam
1258 2911 1559 3012 hydrops
1583 2916 1832 2984 ventris
1878 2918 2211 2988 inferioris
2238 2970 2262 3004 ,
2314 2917 2421 2991 vel
2461 2921 2667 2994 etiam

386 3016 728 3117 supremi
756 3015 885 3085 hoc
908 3014 1003 3085 est
1037 3009 1295 3085 cerebri
1319 3065 1342 3098 ,
1392 3010 1483 3083 de
1510 3037 1651 3109 quo
1684 3012 1843 3083 ante
1869 3068 1892 3101 ,
1946 3015 2038 3088 ad
2066 3041 2405 3088 tumorem
2478 3045 2667 3093 raeter

385 3139 747 3190 ‚naturam
778 3113 1021 3185 merito
1047 3109 1265 3213 potest
1294 3110 1524 3183 referri
1555 3109 1752 3208 quod
1810 3112 2009 3187 sensu'
2044 3113 2274 3203 judice
2323 3043 2473 3189 abd,

383 3242 563 3292 aon
632 3211 1064 3285 mediocriter
1141 3210 1539 3283 intumescat
1568 3263 1592 3296 ,
1667 3222 1899 3285 tamen
1946 3238 2105 3285 cum
2155 3217 2393 3288 thorax
2447 3216 2666 3294 osseus

393 3313 685 3411 quippe
715 3340 794 3384 ex
832 3337 1019 3409 parte
1059 3309 1359 3383 distendi
1398 3331 1580 3380 totus
1626 3333 1920 3403 nequeat
1944 3363 1968 3397 ‚
2000 3336 2139 3380 non
2164 3311 2408 3412 loquor
2437 3318 2526 3390 de
2559 3343 2667 3388 tu.

377 3434 625 3485 ,more
652 3409 853 3481 solius
878 3413 1047 3482 cutis
1067 3463 1091 3497 ,
1145 3406 1446 3505 hydrops
1482 3406 1635 3478 sane
1667 3407 1962 3480 thorbcis
2012 3409 2102 3481 ad
2132 3418 2417 3486 tumoris
2448 3438 2667 3511 genus

395 3506 664 3588 referri
703 3510 954 3602 nequit.
993 3508 1109 3580 An
1152 3509 1368 3605 igitur
1394 3509 1814 3606 intemperiei
1843 3534 2005 3581 cum
2046 3513 2332 3582 materiei
2355 3564 2379 3597 ,
2430 3538 2504 3584 ut
2542 3513 2666 3608 hy-

392 3614 638 3704 drops
671 3607 896 3702 quivis
926 3636 944 3682 ;
989 3633 1077 3677 an
1111 3607 1334 3707 potius
1385 3604 1635 3679 morbis
1658 3607 1726 3676 in
1756 3631 2042 3681 numero
2068 3663 2091 3696 ,
2132 3633 2210 3681 ut
2241 3634 2424 3704 aqua
2445 3613 2515 3681 in
2541 3639 2658 3713 pu·

381 3709 593 3815 pillfi
628 3712 702 3780 δε
758 3731 1115 3805 empyema
1166 3705 1459 3791 thoracis
1509 3708 1548 3777 ὲ.
1616 3703 1931 3794 Galeno,
1976 3707 2480 3787 accensebitur?
2528 3716 2664 3791 utri

391 3808 600 3884 certe
642 3806 1193 3879 annumeraverit»
1237 3810 1307 3879 &
1348 3830 1508 3880 vera
1536 3804 1766 3892 dices,
1816 3812 1887 3879 &
1927 3804 2482 3903 adcurationem
2546 3839 2664 3913 pa-

387 3904 878 3983 ruminterest.
1533 3928 1540 3937 ·
1759 3904 1776 3934 ³
1818 3934 1822 3940 ·
1914 3994 1917 3997 Ι

508 4003 658 4083 Sed
695 4003 880 4075 unde
920 4004 1062 4077 haec
1108 4029 1293 4101 aqua
1339 4001 1590 4095 fineera
1643 4025 1953 4099 puraque
1973 4004 2044 4074 in
2070 3999 2417 4076 thoracem
2438 4010 2667 4083 venire

386 4098 650 4212 potest
677 4150 705 4187 ,
756 4104 825 4172 δι
879 4127 999 4201 per
1059 4126 1230 4201 quas
1256 4101 1402 4175 vias
1445 4097 1803 4173 decurrere
1833 4101 1992 4174 etun
2034 4101 2373 4179 manifesti
2406 4132 2667 4189 meatus

1987 4216 2139 4293 Hh

2465 3144 2669 3193 omen
2680 3140 2683 3143 ¹

2756 3527 2828 3576 Ad
2896 3488 3047 3589 quot!⁸

2700 3587 2844 3633 morbi
2875 3603 3020 3650 genu·

2698 3647 2933 3706 pertinent·
