3593 5087
766 465 904 522 XIV

754 586 986 639 tantur
1018 613 1041 648 ‚
1095 548 1580 632 contestatione
1604 549 1846 632 mentis
1872 551 2016 633 acie
2045 554 2298 634 statum
2348 556 2956 664 causae'pervideas
2985 593 3010 645 ς

751 665 960 759 quam
1005 658 1180 749 Justa
1221 661 1497 730 rationis
1532 662 1786 730 trutina
1826 662 2152 757 cujusque
2199 663 2414 733 causae
2443 665 2783 763 expendas
2813 671 3014 741 meri-

747 781 894 848 tum
925 812 947 846 ‚
978 758 1238 855 quant&
1270 756 1701 857 providentia
1726 767 1798 833 &
1831 760 2202 860 sagacitate
2228 765 2667 859 negotiorum
2706 769 3012 839 civilium

752 859 860 931 vel
915 856 1462 957 graviffimorum
1512 880 1862 931 momenta
1908 877 2284 956 eventaque
2325 860 2653 933 subducas
2682 917 2704 949 ‚
2770 868 3014 962 praela-

745 960 959 1056 gias?
1017 957 1303 1048 Quanto
1346 959 1644 1054 denique
1672 957 1978 1047 judicio,
2018 961 2418 1055 quantaque
2447 960 2770 1060 sapientia
2790 969 2862 1035 in
2882 966 3016 1036 cir-

746 1056 1271 1159 cumspiciendis
1306 1063 1375 1131 &
1405 1058 1801 1144 judicandis
1842 1058 2035 1131 rebus
2082 1057 2398 1131 omnibus
2430 1064 2658 1133 valeas
2711 1087 2791 1132 ac
2842 1088 3013 1162 prae-

748 1158 952 1229 cellas
983 1210 1006 1243 ,
1032 1150 1151 1230 ”ut
1198 1162 1343 1247 jure
1379 1157 1533 1228 san'e
1580 1184 1794 1253 quam
1832 1158 2205 1255 aequissimo
2245 1184 2313 1231 te
2340 1160 2828 1233 meritiffimum
2853 1188 3014 1234 con-1

752 1253 876 1325 filii
925 1258 1027 1328 tui
1073 1259 1451 1357 principem
1502 1283 1907 1354 quanquam
1952 1259 2240 1331 fortunae
2267 1257 2598 1331 beneficio
2626 1285 2821 1332 natus
2873 1286 3015 1334 non

631 1390 642 1407 ,
749 1351 909 1426 effes
946 1381 1081 1427 non
1124 1356 1337 1426 solum
1361 1358 1461 1427 tui
1493 1356 1744 1428 subditi
1771 1411 1793 1444 ,
1845 1356 1965 1429 sed
1997 1363 2066 1434 &
2112 1360 2319 1429 exteri
2375 1357 2510 1431 five
2546 1362 2785 1460 pop‘uli
2819 1413 2841 1445 ,
2887 1359 3015 1433 five

716 1450 1088 1553 'principes
1119 1458 1188 1527 in
1229 1455 1635 1529 dirimendis
1669 1457 1796 1529 suis
1826 1455 2285 1531 controversiis
2310 1458 2613 1549 Judicem
2653 1459 3015 1539 ambierint

736 1560 817 1627 ⁴&
851 1555 920 1624 in
976 1555 1120 1625 dies
1163 1581 1483 1654 exoptent
1524 1580 1732 1655 atque
1752 1580 2090 1655 expetant.

846 1651 976 1724 Sed
1010 1652 1196 1725 filere
1244 1678 1378 1752 ego
1435 1679 1571 1724 non
1633 1650 1899 1753 possum
1939 1666 2070 1726 'nec
2118 1652 2339 1726 debeo
2365 1709 2387 1742 ‚
2434 1660 2503 1730 &
2531 1654 2693 1732 vero
2729 1682 2864 1728 non
2894 1656 3018 1730 de·

750 1750 963 1824 finam
1009 1756 1242 1825 mirari
1303 1755 1674 1852 plurimum
1696 1761 1765 1827 ὅ(
1793 1753 2253 1853 depraedicare
2280 1755 2464 1854 apud
2497 1781 2729 1827 omnes
2759 1758 3019 1854 quanta.

751 1877 911 1923 cum
954 1855 1166 1925 animi
1217 1856 1567 1954 voluptate
1599 1858 1790 1943 juvat
1827 1877 1894 1924 te
1939 1853 2182 1924 audire
2233 1856 2340 1928 vel
2379 1857 2446 1925 in
2481 1857 2759 1954 privatis
2786 1859 3020 1927 velita-

754 1947 1055 2023 'tio'nibus
1103 1958 1173 2026 &
1215 1950 1692 2024 umbratilibus
1722 1953 1984 2052 pugnis·
2019 1953 2375 2023 hominum
2430 1954 2564 2024 mei
2612 1951 2875 2026 ordinis
2920 1958 3020 2025 in-

753 2074 857 2122 ter
898 2049 987 2122 de
1048 2050 1113 2121 se
1152 2050 1345 2124 rebus
1390 2049 1687 2146 Phyficis
1731 2049 2115 2129 Medicisve
2160 2075 2281 2120 aut
2330 2050 2842 2124 Mathematicis
2904 2079 3022 2125 co-

704 2156 708 2161 ’
757 2174 910 2220 ram
953 2174 1019 2221 te
1046 2150 1381 2225 laudabili
1415 2150 1505 2221 dc
1555 2176 1745 2223 more
1786 2151 2180 2224 Artaxerxis
2219 2147 2351 2222 five
2377 2174 2788 2263 provocante
2818 2203 2836 2233 ,
2889 2150 3021 2223 five

754 2251 1184 2348 permittente
1220 2250 1401 2320 horis
1428 2248 1761 2322 subcisivis
1812 2251 2162 2347 animique
2190 2250 2227 2319 a
2274 2248 2453 2321 senis
2472 2250 2648 2320 curis
2672 2248 3021 2320 reficiendi

752 2349 979 2446 gratia
1045 2346 1607 2420 contendentium
1670 2348 1960 2419 breviter
2010 2348 2344 2441 acuteque
2390 2373 2515 2448 pro
2558 2349 2837 2419 veritate
2886 2348 3024 2419 dis-

758 2470 1114 2545 putantem
1175 2444 1800 2541 colluRaiitemque
1856 2450 1927 2520 δε
1971 2442 2135 2518 vero
2177 2470 2631 2543 repugnantes
2693 2472 2773 2517 ac
2811 2451 3023 2548 tergi-

757 2546 1092 2618 versantes
1140 2565 1705 2646 argumentorum
1752 2570 2037 2616 numero
2110 2550 2180 2618 &
2244 2545 2548 2643 pondere
2593 2571 3022 2626 revocantem

759 2669 1261 2743 cogentemque
1292 2646 1362 2715 in
1392 2646 1668 2715 rationis
1696 2651 1985 2741 gyrum!
2035 2642 2107 2714 O
2149 2641 2196 2714 s1
2248 2646 2514 2743 optioni
2558 2644 2871 2740 votisque
2901 2648 3027 2718 da-

760 2769 943 2816 retur
988 2745 1173 2814 locus
1205 2798 1227 2831 ,
1279 2744 1493 2840 quam
1525 2741 1761 2815 lubens
1810 2744 2055 2816 vellem
2087 2765 2355 2813 tantum
2384 2742 2470 2815 ab
2503 2770 2573 2814 re
2602 2745 2720 2815 tua
2747 2743 2871 2815 tibi
2902 2749 3026 2822 otii

758 2832 918 2915 esset
958 2845 1216 2917 summa
1266 2867 1342 2918 ut
1379 2841 1771 2920 nostrarum*
1805 2839 2410 2918 controversiarum
2445 2844 2670 2943 capita
2697 2844 2967 2916 audires
2997 2899 3022 2932 ‚

760 2941 1002 3014 audita
1050 2968 1170 3014 tuo
1205 2941 1683 3014 dirimerentur
1718 2941 2023 3029 judicio!
2078 2963 2337 3037 quanta
2392 2944 2576 3015 enim
2607 2969 2716 3013 me
2755 2942 2893 3040 spes
2926 2970 3026 3015 te-

687 3086 695 3093 ·
761 3064 949 3113 neret
995 3067 1189 3114 certae
1235 3043 1547 3113 omnium
1583 3040 1975 3114 doctiorum
2024 3041 2379 3111 maturiori
2415 3064 2537 3113 tuo
2577 3041 2839 3130 judicio
2871 3042 3027 3114 ads-

756 3141 1202 3239 tipulantium
1249 3138 1792 3241 approbationis!
1844 3141 2053 3235 quam
2106 3139 2337 3237 ampla
2380 3166 2716 3237 grataque
2775 3166 2876 3212 tot
2920 3144 3028 3213 lu-.-
3086 3233 3090 3237 ,

754 3240 1231 3312 cubrationum
1268 3247 1337 3314 ὅ(
1386 3239 1911 3312 meditationum
1963 3248 2262 3316 merces!
2302 3243 2424 3333 qui
2465 3240 2731 3310 animus
2791 3237 3027 3318 stimu-

757 3338 1000 3438 lusque
1026 3340 1117 3411 ad
1147 3344 1410 3428 majora
1456 3337 1862 3411 audendum
1903 3362 2177 3438 urgeret
2207 3391 2229 3425 ‚
2271 3345 2577 3408 acueret!
2623 3361 2774 3432 quae
2824 3339 3031 3410 deni÷

763 3463 899 3532 que
945 3438 1198 3511 fiducia
1229 3437 1535 3509 studium
1575 3438 1781 3508 hocce
1813 3464 2044 3510 meum
2090 3437 2175 3510 ab
2207 3436 2521 3507 omnibus
2539 3436 2856 3508 candidis
2885 3466 3027 3510 non

766 3538 850 3606 iri
890 3536 1393 3638 improbatum!
1441 3536 1632 3634 qui(
1647 3535 1812 3608 absit
1848 3536 2056 3610 verbo
2108 3536 2370 3607 invidia
2402 3536 2444 3628 >
2476 3536 2848 3608 Herculem
2904 3539 3035 3610 Xe·

766 3638 1225 3737 nophontium
1256 3637 1300 3727 <
1326 3637 1446 3733 qui
1477 3637 1661 3706 nulla
1686 3638 1842 3709 volu
1893 3661 2114 3732 ‘tatum
2148 3661 2264 3706 aut
2302 3634 2651 3708 blanditiis
2685 3638 2723 3708 ἐι
2767 3640 3030 3710 virtutis

771 3741 840 3808 δε
883 3739 1301 3835 optimarum
1344 3739 1590 3809 artium
1635 3737 1825 3836 profe
1876 3761 2030 3808 ione
2062 3760 2370 3832 unquam
2423 3737 2696 3807 avocari
2745 3737 3034 3832 potuit)

651 3866 667 3878 ·
769 3837 1070 3908 imitatus
1112 3861 1326 3907 artem
1353 3836 1526 3907 hanc
1565 3862 1790 3906 meam
1836 3836 2263 3914 vehementer
2292 3834 2612 3905 hactenus
2647 3832 2969 3912 adamavi
3001 3890 3025 3923 ,

774 3939 845 4005 in
875 3937 1090 4032 eaque
1119 3934 1490 4012 exercenda
1517 3937 1713 4007 unice
1745 3962 1854 4005 me
1891 3932 2228 4007 oblestavi
2253 3985 2277 4018 ,
2326 3955 2404 4003 ut
2452 3958 2605 4004 eam
2648 3932 2901 4030 semper
2949 3959 3032 4012 ex

771 4059 1081 4110 veterum
1100 4032 1430 4108 „instituto
1476 4036 1683 4134 pluris
1712 4036 1925 4132 quam
1959 4031 2203 4103 domos
2225 4084 2247 4118 ‚
2277 4031 2488 4127 quam
2513 4029 2706 4102 villas
2728 4083 2749 4114 ‚
2796 4029 2984 4128 signa
3004 4085 3034 4121 ,

775 4132 1042 4205 tabulas
1063 4188 1085 4222 ‚
1140 4136 1354 4230 quam
1381 4133 1603 4205 aleam
1633 4187 1655 4219 ‚
1705 4156 2080 4228 caeteraque
2111 4128 2370 4203 urbana
2397 4128 2506 4203 vel
2540 4125 2782 4198 rustica
2815 4130 3034 4201 oblec-

767 4239 1077 4318 'tamenta
1104 4290 1128 4334 ,
1160 4235 1402 4338 'quam
1438 4231 1710 4313 divitias
1740 4229 2040 4336 denique
2060 4283 2085 4327 ,
2135 4255 2255 4308 aut
2281 4229 2415 4308 alia
2442 4251 2866 4336 quaecunque
2897 4229 3030 4306 stu·-
