3593 5087
929 426 1085 503 126⁴
1171 419 1597 501 MORBI
1698 420 2222 502 CAPITIS
2305 420 2896 501 ‘INTERNI

919 549 1276 626 fidentiam
1322 550 1860 625 ventriculorum
1887 604 1911 639 ,
1960 547 2081 621 nisi
2142 545 2338 646 quod
2395 550 2516 621 illo
2567 550 2784 624 modo
2825 549 3042 625 causae
3069 548 3175 632 vis

918 654 1256 751 copiaque
1272 655 1494 741 major
1524 652 1836 749 arguitur
1863 680 1878 720 ε
1933 649 2128 746 quod
2161 648 2314 720 sane
2347 675 2486 721 non
2518 649 2894 724 diffitemur
2920 706 2946 741 ‚
2992 644 3174 751 quo,-

919 752 1041 822 ties
1079 750 1408 845 hysterica
1465 749 1915 848 symptomata
1954 775 2033 821 ex
2090 748 2153 821 se
2193 747 2342 821 sunt
2401 751 2791 847 graviffima
2845 758 2919 827 δε
2965 755 3172 828 valde

559 848 882 965 „2333ss
920 848 1256 937 terrifica,
1297 873 1373 923 ut
1418 852 1490 920 in
1520 849 1674 921 casu
1711 845 2087 948 proposito,
2125 872 2385 945 magna
2431 874 2729 947 namque
2758 850 2852 922 est
2882 854 3175 927 varietas

561 990 687 1021 mum
709 974 757 1018 tn
791 988 879 1032 quo
920 949 1169 1022 horum
1200 947 1568 1022 affeRuum
1595 973 1795 1048 penes
1824 948 2377 1046 magnitudinem
2408 953 2478 1021 δε
2531 950 2964 1046 gravitatem.

561 1030 810 1084 ‘⁰²⁶⁸“3
1013 1047 1240 1145 Atqui
1278 1051 1437 1119 cum
1468 1047 1556 1121 de
1595 1049 1867 1147 origine
1906 1047 2392 1142 hystericorum
2426 1045 2793 1122 affe&uum
2830 1104 2853 1137 ‚
2891 1057 2964 1125 &
3009 1049 3170 1125 loco

915 1150 1243 1249 primario
1285 1153 1356 1221 δε
1390 1173 1506 1248 per
1544 1143 1902 1244 {essentiam
1938 1145 2183 1219 affecto
2214 1149 2309 1218 ita
2345 1147 2546 1218 liceat
2578 1146 2880 1248 apposite
2923 1176 3005 1223 ex
3046 1175 3170 1221 na-

916 1249 1073 1320 tura
1106 1253 1176 1321 δε
1230 1244 1750 1348 proprietatibus
1799 1265 2036 1319 eorum
2068 1245 2532 1346 philosophari
2562 1301 2586 1335 ‚
2632 1273 2779 1320 tum
2809 1248 2973 1322 veto
3003 1276 3174 1323 cau-

917 1346 1003 1417 sae
1054 1371 1157 1418 tot
1197 1345 1426 1419 turbas
1464 1347 1796 1420 moventis
1842 1350 1912 1417 &
1943 1344 2294 1418 cerebrum
2344 1347 2668 1442 primario
2711 1345 3035 1430 affestum
3063 1373 3172 1422 tot

921 1442 1218 1519 motibus
1278 1447 1724 1518 concutientis
1775 1443 2200 1517 conditiones
2267 1444 2618 1519 evidenter
2670 1446 3055 1522 elucescunt
3087 1477 3174 1528 ex

612 1580 851 1643 mum„
921 1544 1295 1618 earundem
1336 1546 1830 1646 proprietatum
1890 1543 2304 1617 conditione.
2361 1545 2549 1618 Nam
2592 1547 2661 1618 in
2705 1548 2940 1644 primis
2980 1574 3173 1645 quae-

559 1643 884 1746 {fflisf‘ffiffi
921 1669 1192 1741 cunque
1216 1642 1294 1716 sit
1316 1646 1603 1715 materia
1643 1667 1795 1739 quae
1822 1641 2173 1715 cerebrum
2199 1649 2430 1716 vacuis
2477 1645 2740 1741 alioqui
2769 1645 3168 1724 distinctum

556 1772 633 1862 3·-
659 1812 674 1860 ι
711 1756 885 1840 κομψή
922 1743 1150 1843 spatiis
1175 1797 1199 1832 ,
1228 1750 1300 1818 δε
1323 1740 1594 1815 sinubus
1635 1740 2048 1838 quibusdam
2073 1743 2313 1842 implet
2333 1796 2357 1831 ,
2408 1743 2899 1842 implendoque
2921 1748 3019 1818 ita
3039 1748 3174 1822 dis-

584 1829 657 1874 η’
676 1829 833 1888 “⁸⁸⁸²
923 1842 1142 1917 tendit
1192 1842 1624 1918 vehementer
1648 1894 1672 1928 ,
1720 1865 1794 1912 ut
1843 1840 2071 1913 secum
2097 1841 2347 1913 *trahat
2387 1866 2611 1914 totum
2642 1844 3001 1920 nervosum
3042 1874 3174 1948 ge·-

921 1968 1045 2016 nus
1063 1995 1088 2031 ,
1135 1967 1291 2015 eam
1335 1938 1644 2043 profeRo
1682 1941 2040 2012 materiam
2085 1941 2156 2013 in
2186 1942 2417 2040 primis
2468 1942 2724 2013 molem
2767 1969 3194 2044 corpoream*

818 2079 825 2088 ·
921 2067 1025 2114 tot
1073 2039 1340 2114 sinubus
1397 2040 1470 2113 su
1522 2042 1812 2112 eriorem
1842 2092 1866 2127 ,
1929 2046 1999 2114 &
2041 2042 2450 2142 ampliorem
2502 2067 2582 2113 ac
2626 2043 2916 2140 proinde
2957 2046 3177 2146 longe

920 2139 1196 2238 lateque
1215 2200 1219 2204 .
1239 2066 1600 2241 expansam
1652 2135 1957 2211 obtinere
1988 2163 2264 2235 aequum
2294 2139 2389 2212 est
2416 2193 2439 2226 ‚
2493 2137 2624 2215 stve
2653 2143 2695 2213 ὲ
2717 2144 2961 2216 natura
2977 2196 3002 2232 ,
3034 2144 3178 2223 five

918 2237 1253 2314 beneficio
1286 2264 1479 2313 novae
1508 2236 1929 2313 abullitionis
1961 2237 2073 2310 seu
2102 2239 2565 2311 rarefaestionis
2593 2266 2748 2312 eam
2769 2265 3174 2343 comparare

921 2339 1119 2438 poffit
1145 2369 1166 2417 ;
1230 2342 1397 2436 quia
1445 2337 1612 2411 vero
1670 2337 1916 2409 eadem
1967 2338 2170 2414 causa
2211 2335 2525 2411 desubito
2559 2344 2630 2412 &
2667 2363 2888 2413 tantas
2939 2341 3176 2417 turbas

922 2463 1156 2513 movet
1200 2443 1274 2512 ὅ(
1323 2435 1508 2509 sedat
1530 2488 1556 2523 ,
1594 2438 1926 2537 praecipiti
1970 2436 2257 2534 quidem
2287 2437 2465 2511 illud
2508 2438 2827 2510 faciendo
2875 2441 3178 2539 impulsu

563 2572 678 2629 Qua
708 2563 889 2613 mobili·
925 2533 1012 2607 ab
1048 2539 1188 2608 alio
1213 2590 1237 2625 ,
1292 2537 1399 2611 vel
1447 2543 1639 2614 motu
1682 2533 2051 2635 spontaneo
2078 2589 2101 2625 ‚
2160 2563 2277 2609 aut
2311 2536 2490 2610 certe
2522 2534 2740 2610 subita
2774 2534 3179 2616 ebullitione

562 2624 891 2732 ¹¹:32⁶,22332
927 2634 1038 2707 seu
1063 2637 1369 2714 fervore;
1400 2635 1530 2708 hoc
1553 2660 1783 2707 autem
1829 2637 2030 2707 celeri
2074 2632 2357 2709 discessu
2400 2636 2511 2708 seu
2547 2632 2799 2711 effluxu
2819 2690 2843 2725 ,
2891 2664 3006 2711 aut
3050 2635 3177 2711 sal-

563 2740 731 2849 ggfflg
748 2754 889 2847 'eff'
926 2760 1067 2807 tem
1107 2736 1295 2808 facili
1343 2734 1750 2808 resolutione
1781 2734 1894 2808 seu
1923 2733 2362 2834 ,diffipatione
2388 2789 2412 2823 ‚
2454 2736 2713 2808 necesse
2770 2736 2864 2810 est
2895 2763 3179 2834 quoque

755 2852 767 2860 “
923 2836 1120 2907 illam
1145 2837 1502 2907 materiam
1548 2833 1899 2907 cerebrum
1929 2836 2403 2934 percellentem
2427 2832 2520 2906 ad
2546 2836 2804 2908 molem
2827 2838 3026 2920 illam
3040 2837 3200 2927 qutte't²

926 2927 1214 3107 elcliusangk
1237 2936 1594 3035 ingenium
1645 2932 1903 3008 mobile
1945 2940 2018 3010 ὅ(
2071 2936 2474 3008 tenuitatem
2497 2931 2910 3035 singularem
2928 2933 3185 3011 habere

930 3059 971 3104 a
1026 3060 1146 3124 Jun
1218 3061 1353 3107 am.

564 3184 626 3230 ιο
642 3176 894 3242 americi.
960 3172 965 3175 ·
1026 3133 1293 3209 Adhaec
1342 3137 1674 3231 quoniam
1718 3159 1858 3205 non
1919 3133 2137 3208 solum
2176 3133 2247 3203 in
2297 3132 2643 3226 hystericis
2670 3131 3020 3206 cerebrum
3048 3136 3196 3207 mi-·

568 3255 665 3286 που
747 3238 890 3285 soum
927 3232 1083 3306 seris
1123 3231 1415 3306 afficitur
1446 3233 1712 3324 modis,
1761 3232 1880 3306 sed
1918 3233 2142 3306 cordis
2169 3232 2378 3302 etiam
2420 3227 2654 3302 afflid'ti
2675 3233 2857 3301 clara
2884 3231 3035 3301 sunt
3070 3236 3198 3311 in-,

567 3295 797 3341 terebrum

569 3353 730 3396 veram
753 3326 890 3422 «εἰμί,
929 3332 1114 3407 dicia
1143 3387 1166 3421 ,
1215 3340 1288 3408 &
1326 3335 1397 3406 in
1422 3334 1656 3433 primis
1686 3331 2046 3405 manifesta
2083 3327 2406 3428 quaedam
2454 3331 2658 3401 totius
2689 3331 2991 3427 corporis
3019 3355 3188 3429 per-

571 3410 892 3524 {gigitss‘i‘oe
925 3435 1281 3535 frigeratio
1306 3485 1330 3520 ,
1381 3431 1494 3503 seu
1537 3434 1735 3529 algor
1784 3434 2240 3531 interceptum
2288 3429 2529 3501 caloris
2579 3428 2803 3501 vitalis
2841 3423 3186 3503 influxum

928 3536 1337 3632 consequens
1363 3583 1386 3619 ,
1429 3555 1582 3628 quae
1627 3532 2023 3630 interceptio
2054 3530 2214 3602 cum
2240 3527 2514 3601 causam
2549 3528 2896 3599 externam
2938 3533 3008 3601 δε
3036 3530 3184 3604 evi-

927 3634 1360 3706 dentemnon
1390 3627 1635 3701 habeat
1668 3629 1799 3705 five
1820 3629 2260 3703 suffocantem
2310 3628 2622 3727 spiritus»,
2675 3622 2806 3701 sive
2857 3624 3183 3727 diffipan-

927 3756 1066 3804 tem
1092 3785 1116 3819 ‚
1162 3732 1293 3806 five
1345 3732 1861 3828 extinguentem
1885 3783 1908 3817 ,
1971 3725 2101 3803 sive
2163 3726 2716 3801 distributionem
2768 3750 3011 3797 eorum
3055 3751 3188 3823 pet

932 3832 1210 3903 arterias
1237 3834 1331 3903 im
1383 3830 1723 3904 edientem
1746 3881 1770 3917 ‚
1812 3852 1890 3899 ea
1915 3828 2093 3899 cer-te
2115 3828 2322 3900 causa
2352 3829 2620 3911 interna
2644 3823 2718 3897 fit
2751 3824 3007 3897 necesse
3032 3823 3130 3895 est
3155 3876 3199 3913 ‚-

932 3955 1087 4025 quae
1124 3930 1331 4030 spiriti
1429 3956 1457 4003 s
1511 3932 1750 4026 aliquo
1782 3953 1863 3999 ex
1905 3926 2006 3997 his
2043 3926 2268 3999 modis
2312 3927 2681 4026 perniciem
2714 3924 2958 3997 inferat
2987 3974 3009 4005 ,
3063 3947 3204 3997 autc

933 4028 1108 4100 certe
1158 4029 1383 4101 cordis
1425 4052 1691 4102 motum
1738 4026 1934 4099 tollat
1986 4021 2118 4098 sive
2165 4024 2495 4131 primario
2521 4077 2545 4112 ,
2597 4021 2731 4097 five
2778 4018 3185 4096 secundario

842 4168 868 4175 >·
933 4122 1380 4229 perablatam
1427 4127 1934 4230 respirationem
1959 4177 1985 4219 ,
2034 4121 2165 4206 five
2217 4147 2531 4227 utroque.
2589 4124 2932 4217 Quoniam
2977 4118 3191 4221 igitug
