3593 5087
992 438 1142 516 474
1840 406 2432 488 FEBRES

992 551 1156 623 dem
1206 543 1569 622 fervefasta
1616 543 1657 617 ‘a
1705 543 1942 645 spiritu
1971 541 2126 614 ante
2154 539 2471 628 accenso,
2520 564 2646 611 nec
2668 563 2808 610 una
2833 565 2984 612 cum
3020 539 3257 642 spiritu

990 649 1345 747 absumpta
1379 647 1659 719 retineat
1698 647 1877 716 ultra
1926 643 2225 714 alienum
2264 643 2563 712 calorem
2608 637 2861 712 scilicet
2906 665 3017 739 per
3062 644 3254 718 diem
3350 703 3357 706 .

990 750 1368 822 naturalem
1396 798 1419 833 ‚
1481 747 1707 841 qualis
1759 742 1935 816 certe
1982 742 2268 813 materia
2322 742 2480 812 cum
2511 739 2704 811 nulla
2731 740 2867 811 alia
2904 741 2976 811 fit
3013 769 3253 840 praeter

986 848 1438 945 sanguinem,
1485 853 1556 918 δε
1609 845 1815 934 hujus
1845 841 2000 913 duae
2050 838 2174 912 sint
2219 864 2442 940 partes
2502 838 2799 910 maxime
2848 831 3192 915 disfimiles
3230 896 3255 928 ,

985 945 1315 1040 aquosam
1343 967 1572 1017 tamen
1603 967 1863 1041 partem
1891 936 2018 1013 effe
2047 942 2270 1037 potius
2304 941 2517 1037 quam
2536 933 2822 1009 craffam
2842 945 2910 1012 ὅ(
2933 939 3251 1017 fibrosam

982 1047 1141 1116 hinc
1184 1042 1359 1117 cert'e
1386 1043 1767 1141 intelligere
1827 1040 1922 1113 est
1958 1037 2154 1136 quod
2198 1040 2360 1109 cum
2402 1062 2693 1135 utraque
2730 1038 2991 1137 semper
3037 1045 3249 1117 caleat

979 1145 1138 1232 acftu
1181 1143 1221 1214 ὲ
1247 1147 1658 1214 commercio
1678 1140 2036 1240 spirituum
2064 1192 2087 1227 ‚
2128 1138 2383 1232 aquosa
2415 1163 2642 1210 tamen
2672 1162 2947 1236 propter
2977 1165 3242 1216 tenuem

975 1241 1360 1314 substantiae
1401 1240 1693 1312 modum
1745 1236 2012 1311 facilius
2060 1236 2388 1332 citiusque
2454 1260 2590 1336 prae
2639 1234 2887 1307 fibros&
2945 1240 3241 1314 alienum

976 1343 1268 1440 concipit
1295 1345 1334 1412 *a
1359 1338 1621 1438 spiritus
1646 1340 1984 1436 ignitione
2035 1336 2336 1407 calorem
2367 1342 2436 1410 <Sc
2462 1360 2874 1433 conceptum
2909 1334 3235 1436 deponit,

973 1443 1110 1512 hoc
1173 1439 1315 1529 est,
1373 1440 1559 1512 diem
1622 1440 1799 1510 intra
1860 1437 2242 1509 naturalem
2279 1488 2302 1523 ‚
2373 1441 2443 1508 δε
2490 1432 2841 1534 pristinam
2884 1462 3233 1536 recuperat

977 1544 1397 1637 temperiem.

1061 1637 1410 1734 Equidem
1451 1636 1634 1710 ultro
1684 1637 1898 1710 fateor
1949 1635 2305 1735 spirituum
2359 1629 2815 1704 incensionem
2843 1659 2961 1731 per
2984 1637 3227 1709 animae

968 1735 1505 1834 perturbationes
1541 1733 1671 1808 effe
1721 1733 2324 1832 frequentiffimam
2367 1730 2643 1805 causam
2676 1731 2913 1805 diariae
2944 1786 2970 1820 ‚
3034 1736 3224 1808 inde-

960 1861 1098 1930 que
1141 1834 1565 1909 occasionem
1589 1832 1852 1906 dediss'e
1878 1832 2162 1905 medicis
2184 1836 2330 1921 ejus
2355 1831 2588 1902 focum
2609 1829 2989 1917 statuendi,
3019 1835 3089 1903 in
3114 1861 3223 1906 ac-

958 1934 1158 2022 censo
1195 1935 1471 2036 spiritu;
1521 1937 1756 2007 verum
1785 1958 1936 2005 eam
1970 1933 2234 2033 spiritus
2265 1927 2877 2001 inflammationem
2902 1929 3033 2003 esse
3073 1960 3221 2006 cau·

955 2032 1102 2104 sam
1155 2059 1490 2108 remotam
1531 2034 2045 2107 &incentivum
2072 2031 2401 2102 duntaxat
2433 2028 2850 2100 ebullitionis
2884 2058 3123 2126 aqueae
3150 2037 3212 2104 in

915 2207 919 2216 ‚
956 2132 1295 2233 sanguine
1349 2134 1559 2234 partis
1600 2186 1624 2219 ,
1688 2157 1842 2227 quae
1895 2129 2203 2204 ebullitio
2247 2129 2579 2224 quandiu⁶
2610 2127 2815 2199 durat
2845 2178 2871 2208 ,
2920 2155 3065 2201 tam
3098 2132 3216 2204 diu

945 2235 1180 2305 ‘alieno
1213 2259 1455 2333 corpus
1487 2231 1816 2304 laceffitur
1834 2232 2067 2302 calore
2106 2282 2129 2317 ‚
2196 2227 2377 2330 arete
2430 2252 2626 2298 teneo
2661 2280 2683 2314 ,
2763 2231 3209 2326 accurateque
3254 2241 3269 2256 ”

954 2329 1275 2405 defendo.
1335 2334 1522 2404 Nam
1587 2355 1827 2431 praeter
1900 2353 2122 2401 motus
2167 2331 2411 2397 animae
2455 2327 2884 2398 vehementes
2936 2355 3207 2426 quoque

947 2437 1238 2524 corporis
1259 2440 1550 2508 labores,
1585 2434 2139 2524 immoderataeque
2162 2432 2616 2507 vacuationes,
2642 2423 2716 2496 ό·
2738 2426 3035 2521 laffitudo
3067 2457 3206 2498 con-

923 2527 1205 2622 fiqucns
1229 2579 1257 2609 ‚
1304 2559 1384 2598 ac
1408 2534 1635 2614 dolor,
1685 2533 1815 2597 imo
1829 2524 2121 2622 syncope
2149 2575 2177 2605 ‚
2190 2526 2309 2620 sed
2334 2523 2407 2596 ό·
2430 2522 2735 2615 insolatio
2759 2580 2778 2610 ‚
2818 2531 3001 2621 ignes
3026 2581 3047 2611 ,
3078 2557 3205 2597 mc·

940 2628 1304 2696 dic-amenta
1353 2630 1571 2696 calida
1609 2628 2042 2723 experientiae
2073 2624 2212 2695 fide
2245 2624 2500 2697 febrem
2538 2624 2833 2696 diat-iam
2868 2626 3199 2700 inducunt

939 2724 1226 2819 quidem
1252 2778 1275 2813 ‚
1319 2738 1456 2794 non
1488 2724 1701 2795 solum
1751 2720 1945 2817 quod
2003 2723 2267 2820 spiritus
2301 2724 2491 2795 varia
2515 2726 2880 2822 agitatione
2920 2723 3187 2797 inflam-

911 2840 1125 2894 ‘mant
1146 2879 1167 2911 ‚
1204 2824 1317 2896 sed
1351 2826 1561 2894 etiam
1591 2820 1785 2918 quod
1822 2820 2169 2892 mediante
2199 2822 2429 2919 spiritu
2457 2824 2736 2895 accenso
2755 2822 3139 2922 sanguinem
3160 2878 3186 2910 ,

931 2926 1205 3019 unaque
1238 2948 1499 3021 partem
1547 2928 1688 3011 ejus
1731 2938 2030 3016 aqueam
2089 2920 2180 2990 ad
2236 2922 2569 2992 fervorem
2619 2925 2978 3021 impellunt
3006 2978 3029 3009 ,
3074 2917 3186 2994 nili

909 3025 1153 3118 'potius
1187 3021 1382 3093 simul
1427 3028 1511 3111 ὅς.
1541 3021 1740 3092 semel
1791 3022 2057 3120 spiritus
2086 3022 2359 3117 unaque
2389 3020 2789 3120 sanguinem
2828 3024 3187 3095 calefacere

935 3119 1312 3192 dicendum
1341 3119 1453 3211 est.

1027 3220 1113 3293 Et
1161 3219 1326 3312 sane
1355 3222 1513 3291 cum
1553 3219 1813 3292 eaedem
1861 3219 2075 3291 causae
2125 3220 2375 3289 interea
2412 3217 2581 3291 dum
2623 3218 2894 3320 spiritus
2916 3218 3179 3292 inflam-

929 3346 1118 3391 mant
1162 3318 1386 3391 simitu
1428 3319 1703 3391 eosdem
1730 3318 2063 3393 resolvant
2094 3342 2522 3414 atterantque
2550 3345 2665 3391 aut
2701 3345 2985 3392 vacuent
3006 3374 3029 3405 ‚
3062 3346 3175 3391 ca-

907 3424 1030 3491 ·lor
1057 3420 1479 3520 perseverans
1526 3425 1608 3501 δε,
1640 3423 1711 3489 in
1759 3419 1993 3491 habitu
2024 3472 2047 3507 ‚
2094 3420 2163 3488 in
2223 3442 2364 3512 quo
2411 3416 2609 3489 febris
2646 3420 2967 3516 hyparxis
3022 3446 3183 3491 con·

902 3520 1124 3607 *fistit‚
1171 3519 1515 3591 suscitatus
1558 3544 1621 3588 v.
1658 3543 1730 3614 g.
1764 3520 1805 3588 ὲ
1830 3522 2054 3589 calore
2084 3542 2562 3587 momentaneo
2598 3517 2960 3615 spirituum
2994 3574 3015 3604 ,
3062 3520 3176 3589 ha-

902 3617 1032 3689 *bet
1075 3620 1253 3690 certe
1283 3618 1658 3708 subjestum
1710 3638 1850 3687 non
1888 3613 2327 3686 substantiam
2368 3616 2561 3685 illam
2621 3616 2978 3716 spirituum
3028 3642 3177 3712 quae

901 3721 1263 3787 evanuerit
1296 3772 1318 3804 ,
1361 3743 1490 3788 »aut
1522 3714 1702 3787 certe
1743 3714 1935 3784 tanta
1988 3710 2257 3784 laborat
2316 3714 2596 3812 penuria
2642 3768 2665 3803 ‚
2729 3742 2803 3787 ut
2874 3718 2935 3786 ei
2991 3719 3176 3788 calor

899 3814 1178 3885 ‘diuma’
1212 3817 1590 3902 durationis
1644 3812 1847 3884 tribui
1897 3838 2034 3884 non
2091 3809 2337 3883 debeat
2375 3863 2401 3893 ,
2468 3813 2577 3885 sed
2618 3816 2844 3912 potins
2877 3815 3180 3908 aliquod.

893 3912 1109 4009 ‘aliud‘
1143 3914 1514 4003 subjectum
1561 3912 1755 4006 quod
1804 3912 1909 3984 vel
1951 3912 2087 3984 una
2119 3938 2277 3983 cum
2329 3912 2555 4011 spiritu
2624 3912 3027 3985 calefactum
3072 3911 3189 3985 ab·

913 4009 1166 4083 eisdem
1198 4012 1404 4084 causis
1435 4012 1766 4084 ebullierit
1795 4063 1818 4097 ‚
1864 4012 1968 4083 vel
1999 4011 2177 4082 certe
2208 4010 2603 4082 immediate
2629 4013 2666 4082 *a
2708 4012 2950 4110 spiritu
2996 4012 3170 4082 alte*-

908 4127 1138 4176 ratum
1183 4111 1482 4187 calorem
1531 4109 1812 4189 firmiter
1866 4112 2230 4185 retinuerit.
2288 4106 2385 4182 Et
2436 4109 2903 4184 confirmatur
2962 4109 3167 4209 quod
