3593 5087
2819 135 2862 180 l

899 389 999 467 72
1173 365 1606 462 Mon-131
1707 365 2241 445 CAPITIS
2341 360 2896 446 INTERNI

522 529 584 576 Ae
604 528 829 578 mnam.
896 499 1295 575 sententiam
1324 497 1682 570 confirmat
1714 495 1870 569 sane
1900 523 2039 569 non
2068 496 2502 571 mediocriter
2536 496 2934 572 instabilitas
2957 520 3143 572 com-

521 587 803 697 fssffoeffiffl
896 601 1120 674 munis
1187 604 1256 671 ὅ(
1296 598 1511 696 vulgo
1566 621 1848 696 receptae
1911 599 2250 698 opinionis
2299 597 2337 666 ὲ
2391 597 2633 669 bilioso
2688 623 2942 698 vapore
2994 626 3143 674 eam

895 693 1294 772 arceffentiS.
1346 696 1411 767 Si
1455 721 1755 792 namque
1805 697 1843 765 ὲ
1879 721 2132 795 vapore
2177 697 2214 767 ὲ
2271 692 2407 769 bile
2438 700 2508 767 in
2563 699 2808 797 hepate
2859 699 3146 772 fermen-

887 799 1031 870 tata
1098 798 1582 892 commotaque
1650 797 1832 866 elato
1907 795 2323 867 hemicrania
2407 796 2543 868 sem
2597 825 2668 869 er
2745 799 3066 870 excitatur
3116 853 3144 887 ,

886 896 1064 994 quid
1107 895 1320 967 causae
1363 895 1457 968 est
1483 921 1601 967 cur
1653 896 1761 969 vel
1793 896 1866 965 in
1890 896 2238 996 principiis
2264 824 2825 991 paroxylgaorum
2855 895 3146 971 febrium

883 997 1159 1069 tertiani
1189 997 1453 1092 generis
1489 1001 1560 1069 ὅ(
1608 994 1972 1095 p1aesertim
2012 997 2082 1066 in
2113 994 2523 1092 eryfipelatis
2566 998 2897 1095 principio
2926 997 3143 1069 hemi-

884 1097 1118 1170 crania
1168 1120 1385 1192 aegros
1444 1121 1582 1166 non
1640 1095 1913 1167 vellicat
1958 1119 2037 1165 ac
2096 1098 2342 1194 pungit
2392 1093 2644 1194 semper
2692 1101 2723 1168 ?
2797 1096 3143 1192 Equidem

884 1222 1045 1268 curn
1070 1192 1424 1293 eryfipelas
1463 1193 1506 1266 s1
1556 1195 1707 1291 quis
1742 1197 1915 1265 alius
1958 1216 2186 1265 tumor
2233 1194 2306 1267 fit
2345 1193 2910 1294 frequentiffimus
2953 1196 3146 1289 isque

884 1321 1044 1366 cum
1084 1293 1234 1364 bilis
1291 1293 1552 1367 fervore
1587 1289 1953 1364 neceffario
1990 1295 2395 1382 conjunctus
2423 1348 2448 1382 ‚
2507 1318 2579 1366 ut
2607 1297 2903 1369 vomitus
2939 1293 3142 1367 bilio-

758 1479 773 1486 Ι
880 1394 990 1465 sus
1019 1449 1042 1483 ,
1104 1389 1392 1488 bilisque
1427 1395 1694 1492 eruptio
1743 1417 1979 1491 praeter
2007 1392 2262 1464 febrem
2295 1391 2605 1465 indicant
2632 1448 2657 1482 ‚
2705 1420 2936 1466 tamen
2980 1420 3141 1468 eum

882 1519 1287 1590 quanquam
1310 1493 1378 1563 in
1414 1493 1659 1563 faciem
1683 1490 1837 1562 bilis
1869 1495 2159 1589 impetat
2185 1493 2617 1564 hemicraniae
2642 1519 2779 1565 non
2806 1497 3142 1593 conjungi

883 1618 1247 1688 unquam,
1327 1617 1450 1665 nec
1499 1616 1706 1691 caput
1757 1590 2235 1666 condolescere
2285 1594 2694 1693 experientia
2729 1593 3143 1691 quotidiana.

886 1691 1109 1765 docet.

521 1791 817 1902 “5323ss
986 1791 1254 1888 Atqui,
1301 1814 1375 1864 ut
1403 1790 1494 1863 ad
1524 1788 1922 1889 hypothesin
1962 1793 2233 1866 veniam
2262 1847 2287 1881 ‚
2348 1791 2713 1888 serosaeque
2746 1793 2819 1865 in
2860 1817 2970 1864 me
2999 1793 3151 1893 ple-

521 1937 842 1992 vemt-⁷⁰³?-
888 1892 1217 1964 nitudinis
1258 1897 1329 1964 ὅ(
1370 1892 1735 1990 cephalicae
1782 1892 2145 1990 praesertim
2187 1891 2420 1964 causas
2461 1917 2614 1990 quae
2667 1894 2810 1966 vim
2861 1918 3154 1989 quoque

525 1996 705 2084 κῖικᾷ-
776 2069 788 2081 .
888 1988 1060 2086 signi
1094 1991 1306 2064 causae
1338 1987 1695 2091 propofitae
1745 1989 1997 2061 habent
2043 1992 2246 2063 altius
2300 2016 2652 2091 repetam,
2718 1995 2998 2063 memini
3028 2018 3152 2066 me

500 2077 1431 2190 {¹3:2⁸¹ffifladhucpuerum
1478 2116 1616 2162 non
1652 2092 1917 2161 tantum
1961 2090 2150 2184 nudo
2198 2094 2421 2190 capite
2470 2090 2559 2161 de
2599 2091 2797 2162 nocste
2848 2090 3150 2187 quidem

516 2202 632 2302 ἷζε,
694 2187 843 2305 ἒῖξξζξ
885 2190 973 2266 de
1007 2190 1121 2266 die
1168 2193 1399 2266 autern
1425 2190 1678 2288 pileolo
1713 2188 1821 2261 seu
1853 2190 2108 2290 splenio
2141 2217 2225 2261 ne
2254 2190 2559 2262 mediam
2607 2190 2846 2290 capitis
2874 2214 3160 2290 partem

517 2297 643 2357 ια.)
876 2295 1319 2390 protegente,
1361 2288 1476 2360 sed
1504 2290 1846 2384 reliquum
1876 2291 2086 2360 etiam
2112 2315 2357 2389 corpus
2386 2288 2645 2361 levibus
2683 2289 2980 2385 rarisque
3006 2287 3150 2365 five

880 2387 1221 2475 vestibus,
1277 2386 1410 2461 ssve
1454 2387 1770 2485 stragulis
1814 2388 2073 2459 tectum
2118 2388 2434 2461 incedere
2465 2441 2490 2475 ‚
2557 2388 2995 2485 dormireque
3030 2389 3153 2463 so-

866 2489 1082 2571 ‘litum
1114 2541 1136 2575 ‚
1199 2494 1269 2562 ὅ(
1310 2486 1612 2587 benigno
1643 2488 1910 2584 alioqui
1944 2488 2204 2561 lumine
2252 2488 2364 2560 seu
2406 2512 2641 2587 tepore
2685 2489 2819 2562 foci
2843 2542 2868 2576 ‚
2927 2514 3151 2585 quem

876 2587 1238 2665 fasciculus
1264 2588 1473 2659 aleret
1498 2641 1522 2674 ,
1567 2586 1888 2658 rarisfirne
1917 2613 2293 2683 recreatum
2342 2586 2466 2680 (ea
2500 2589 2683 2658 enirn
2717 2589 2854 2661 vita
2885 2590 2955 2658 in
2998 2593 3155 2661 col-

878 2687 1082 2786 legiis
1143 2686 1378 2787 paffim
1442 2713 1617 2761 tum⁴
1654 2686 2052 2782 vivebatur)
2099 2689 2402 2785 primum
2462 2688 2880 2759 hemicrania
2942 2687 3160 2763 fuisse

866 2786 1237 2887 ‘inopinato
1266 2782 1647 2891 perculsum
1676 2839 1699 2873 ‚
1735 2780 1987 2857 scilicet
2023 2786 2315 2858 densatis
2355 2811 2500 2857 toto
2541 2786 2778 2858 habitu
2810 2792 2879 2860 ὅ(
2914 2789 3069 2887 capi
3086 2816 3157 2862 te

864 2886 1250 2987 'praesertim
1324 2887 1458 2958 oris
1484 2882 1577 2956 ‘ab
1596 2887 2042 2958 ,inclementia
2089 2888 2263 2957 ae‘ris
2301 2920 2316 2958 ε
2378 2911 2527 2961 tum
2573 2885 2660 2957 ab
2690 2910 2772 2957 eo
2828 2910 3152 2985 tempore

860 2987 1215 3085 ‚paulatim
1275 3014 1367 3088 up
1420 2982 1665 3057 reffum
1698 2985 1920 3056 serum
1950 2984 2372 3080 tandemque
2414 2988 2674 3082 magna
2703 2987 2770 3060 vi
2807 2988 2879 3056 in
2917 2987 3155 3085 capite

879 3082 1280 3184 congestum
1375 3088 1447 3158 ui
1508 3082 1910 3156 finathrismi
1966 3086 2324 3161 manifesta
2400 3086 2713 3161 exhibere
2763 3084 3022 3157 indicia
3066 3093 3149 3162 ἃ

877 3185 1107 3273 turbas
1151 3184 1319 3259 dare
1370 3185 1564 3285 cepit.
1790 3248 1798 3251 .
2517 3266 2522 3271 ,

519 3286 881 3395 gunzagae-⁹
925 3280 937 3365 J
977 3283 1175 3382 Quid
1214 3284 1404 3381 quod
1446 3282 1763 3384 deinceps
1809 3282 2000 3377 mihi,
2030 3280 2178 3381 tota·
2226 3279 2362 3355 fere
2407 3280 2549 3355 vita
2601 3282 2848 3382 spuitio
2905 3282 3008 3352 uti
3060 3287 3149 3358 &

579 3365 643 3399 ω’
864 3384 1230 3467 ‘emunC'tio
1265 3385 1454 3459 nulla
1484 3409 1603 3459 aut
1628 3383 1805 3457 certe
1835 3381 2157 3461 rarissima
2187 3436 2208 3467 ,
2255 3389 2324 3457 &
2354 3379 2401 3453 s1
2441 3409 2520 3455 ea
2549 3379 2929 3478 aliquando
2948 3434 2972 3469 ‚
3013 3406 3145 3457 aut

864 3490 1125 3580 ‘cotyza
1167 3478 1456 3556 dolorve
1488 3482 1800 3557 dentium
1839 3484 1880 3554 *a
1936 3480 2262 3559 decub'itu
2314 3509 2509 3579 aquae
2546 3482 2583 3554 ὲ
2625 3485 2844 3583 capite
2892 3482 3147 3552 moles-

862 3585 1050 3677 ‚tiam
1094 3581 1437 3655 exhiberet
1477 3636 1502 3670 ‚
1568 3584 1715 3653 tum
1748 3580 1913 3653 vero
1953 3579 2247 3652 induciae
2287 3607 2446 3654 curn
2486 3583 2904 3654 hemicrania
2930 3636 2953 3670 ,
2996 3581 3145 3658 imo

866 3684 1191 3780 ‚paxalta
1238 3676 1503 3779 quoties
1532 3681 1861 3783 praecipiti
1894 3707 2050 3753 vere
2092 3686 2161 3754 ὅ(
2197 3679 2421 3753 aestate
2459 3684 2845 3756 universum
2894 3706 3147 3779 corpus

882 3779 1301 3873 quotidianis
1345 3789 1417 3854 δι’
1465 3780 1816 3859 matutinis
1856 3778 2226 3878 sudoribus
2247 3781 2480 3880 sponte
2532 3781 2962 3853 manantibus
3001 3780 3148 3850 dif-

864 3875 1117 3951 =flueret
1143 3932 1164 3963 ,
1207 3880 1665 3952 an'nonhaec
1712 3870 1897 3949 clara
1935 3872 2085 3948 sunt
2136 3888 2544 3978 argumenta
2587 3880 2805 3950 serum
2859 3878 3145 3971 reliquis

502 4020 567 4063 ,μ
876 3979 1049 4059 ,anni
1078 3979 1496 4076 temporibus
1544 4002 1690 4049 toto
1718 4003 2024 4078 ‘corpore
2064 3983 2135 4052 δε
2171 3970 2176 3977 ’
2207 3979 2524 4149 &sertim
2569 3979 2793 4075 capite
2837 3973 3145 4074 suppres-

507 4092 584 4127 ⁸···
626 4118 637 4125 ·
680 4122 685 4127 ·
778 4110 793 4127 =
880 4073 1030 4163 sum
1082 4077 1515 4161 hemicranio
1563 4073 2008 4156 ‘occasionem‘
2037 4006 2205 4152 d'edfi
2259 4103 2296 4149 e
2330 4131 2357 4169 ,
2434 4080 2628 4167 cujus
2676 4078 3146 4167 levamentum

2655 4206 2660 4215 ·
2687 4210 2696 4213 ·
2916 4196 3144 4255 exeret
