3593 5087
811 424 888 506 'A
1019 419 1691 506 PRoLuvu:
1789 417 2302 509 SERQSA.
2533 449 2681 529 293

427 571 878 665 retr'otficmque
913 575 1313 640 revelluntur
1336 618 1359 654 ,
1385 588 1458 636 ut
1497 565 1840 634 dubitandi
1869 565 1942 633 de
1994 570 2241 635 naturai
2283 591 2500 670 torum
2522 596 2679 639 cau·

414 671 570 766 sam
592 698 719 740 non
745 670 1030 738 habeam.

326 756 337 768 ⁹
528 770 717 841 Nam
747 766 902 838 sane
925 772 1155 864 flatus
1178 816 1199 849 ‚
1258 787 1376 834 aut
1421 764 1734 858 pituitam
1788 765 2057 838 vitream
2086 816 2109 851 ‚
2154 787 2273 835 aut
2299 763 2463 837 vero
2490 768 2678 838 bilem
2707 762 3034 869 ssmssss‘fiss

432 894 510 941 ut
536 866 840 939 accusem
877 919 900 953 ,
950 888 1085 935 non
1113 858 1378 962 possum
1403 888 1528 933 nec
1559 860 1780 933 debeo
1805 916 1826 948 ,
1871 864 2125 963 quippe
2161 865 2282 958 qui
2331 871 2401 937 δε
2433 865 2678 939 advet—
2709 851 2806 921 *ὦ

388 1005 396 1011 -
432 970 574 1038 sam
611 964 898 1037 flatuum
951 965 1166 1063 copiae
1211 962 1430 1034 vidius
1463 963 1799 1033 rationem
1828 960 2080 1061 semper
2108 962 2554 1036 instituerim:
2609 973 2680 1041 &

402 1091 787 1162 »nunquam
849 1061 1089 1134 flatum
1131 1058 1253 1133 nist
1304 1061 1529 1133 Borea
1564 1061 1872 1134 saeviente
1916 1064 2218 1133 emittere
2273 1066 2629 1165 contingat
2656 1091 2694 1155 ,·

428 1171 500 1240 δε
530 1162 856 1264 depressio
882 1161 1275 1246 abdominis
1291 1164 1514 1235 versus
1545 1159 1813 1235 lumbos
1838 1164 2259 1232 contrarium
2284 1161 2583 1235 suadeat.

524 1257 862 1338 Pituitant
902 1265 1104 1358 porri>
1161 1264 1429 1336 vitream
1462 1284 1538 1331 ut
1576 1258 1663 1330 ab
1720 1261 1846 1330 hae
1883 1262 2232 1332 calumnia
2285 1260 2630 1337 vindicem
2657 1320 2678 1353 ,
2712 1257 2857 1362 ,ἓξὲξ
2876 1259 3041 1318 pienti·

425 1389 590 1436 cum
619 1362 905 1435 ustionis
955 1360 1174 1433 sensus
1212 1385 1360 1431 toto
1409 1357 1782 1430 abdomine
1833 1385 1952 1457 per
1989 1385 2117 1431 *eos
2158 1361 2429 1432 dolores
2454 1411 2478 1441 ‚
2527 1363 2682 1437 nus-
2725 1367 2740 1387 ⁴
2877 1347 2896 1371 ³

428 1489 649 1558 quam
677 1486 909 1533 autem
951 1460 1226 1558 frigoris
1268 1458 1546 1530 astualis
1576 1459 1613 1526 ὲ
1645 1460 1861 1532 vitrea
1881 1460 2130 1557 pituita
2153 1461 2383 1543 inferri
2408 1459 2639 1536 solitus
2658 1518 2683 1554 ,

421 1585 577 1634 tum
627 1560 794 1635 vero
839 1559 1056 1632 distat
1098 1560 1268 1629 mihi
1318 1582 1645 1656 perpetua
1684 1556 1839 1630 bilis
1896 1561 1967 1630 in
2029 1557 2341 1631 intestina
2398 1560 2628 1635 effusio
2663 1617 2688 1653 ,

420 1685 584 1759 quae
608 1662 947 1760 pituitam
984 1657 1258 1730 acidam
1284 1681 1404 1728 aut
1429 1659 1718 1731 vitream
1766 1684 1904 1730 non
1931 1661 2190 1758 patitur
2213 1658 2690 1737 intestinorum

419 1759 802 1861 parietibus
833 1759 1077 1858 aggeri
1107 1763 1178 1832 &
1206 1756 1673 1829 adhaerescere.

516 1860 959 1962 Quanquam
1004 1855 1166 1931 vero
1219 1855 1560 1948 ajusmodi
1603 1859 1759 1927 bilis
1815 1881 2180 1957 proventus
2212 1860 2282 1930 in
2313 1886 2424 1933 me
2457 1862 2690 1962 largus
2768 1853 2880 1903 ⁸⁰⁸¹
2899 1853 3037 1913 ⁵³¹³*

418 1959 822 2050 admodum
857 1956 934 2029 fit
976 2010 996 2046 ‚
1043 1982 1273 2028 tamen
1309 1979 1385 2027 ut
1416 1955 1689 2027 dolores
1732 1955 2123 2028 abdominis
2157 1957 2278 2029 bili
2317 1987 2395 2030 ex
2449 1965 2691 2060 hepate

415 2061 598 2155 intel:
626 2056 1108 2129 intestinorum
1139 2057 1398 2128 tunicas
1449 2052 1668 2126 effusae
1725 2054 1842 2128 sua
1891 2058 2136 2128 natura
2178 2059 2346 2128 alias
2383 2061 2693 2133 mordaci

421 2158 724 2246 minime
754 2155 1052 2228 tribuam
1083 2179 1303 2242 nunc,
1336 2180 1710 2250 utcumque
1742 2157 1912 2226 alias
1939 2159 2010 2226 in
2038 2157 2117 2227 ea
2142 2156 2388 2234 fuerim
2425 2158 2647 2231 haerefi
2670 2215 2694 2248 ,
2785 2203 2790 2208 π

423 2259 675 2331 vetaht
700 2257 876 2327 certe
906 2256 1154 2355 partim
1195 2255 1365 2325 feces
1388 2243 1813 2350 quotidianae
1841 2261 1910 2328 &
1940 2252 2347 2326 durantibus
2382 2257 2460 2328 iis
2493 2257 2698 2331 dolo-

421 2355 619 2428 ribus
685 2354 1071 2426 admodum
1123 2354 1392 2441 tinc‘tae,
1432 2355 1611 2424 *cum
1664 2355 1736 2425 in
1783 2350 2032 2425 biliosis
2096 2352 2500 2445 doloribus,
2564 2355 2696 2432 five

422 2457 658 2528 iliacis
706 2455 923 2556 vulgo
973 2454 1171 2528 distis
1219 2455 1583 2525 cineraceae
1637 2476 2053 2556 appareant,
2097 2477 2244 2526 tum
2293 2454 2456 2528 vero
2499 2458 2698 2556 quod

422 2555 586 2629 bilis
617 2558 792 2628 inter
824 2557 1082 2628 tunicas
1113 2552 1587 2628 intestinorum
1636 2556 1958 2646 rejeRata
1989 2554 2270 2626 minime
2311 2581 2391 2626 ea
2432 2555 2696 2631 sursum·

418 2656 757 2729 revellere
789 2653 1006 2756 potest
1028 2709 1050 2742 ,
1099 2681 1217 2727 aut
1246 2653 1492 2726 lumbis
1515 2652 1767 2754 offique
1803 2654 1990 2726 sacro
2020 2659 2094 2728 &
2118 2653 2346 2727 Veslcoe
2374 2654 2690 2732 dolorem

421 2781 971 2826 communicare.

527 2854 807 2923 Etenim
856 2850 1083 2921 serosae
1136 2853 1205 2920 in
1243 2854 1473 2949 capite·
1528 2876 1693 2922 meo*
1741 2847 2214 2925 redundantiae
2282 2846 2686 2949 argumenta
2720 2826 3050 2942 Ξῖξεῖἷὶἶῗυῖιῗ

420 2953 583 3026 lucc
609 2948 759 3022 sunt
791 2949 943 3020 sane
991 2947 1314 3032 illustria,
1356 2948 1607 3021 scilicet
1638 2945 1856 3023 desidi
1906 2958 1978 3025 &
2032 2950 2322 3022 statariae
2348 2953 2499 3023 vitae
2528 2953 2690 3024 hac·
2719 2941 3049 3056 ἕζζξξξξῗζξ

427 3074 641 3125 tenus
673 3075 783 3120 me
821 3050 981 3119 cum
1018 3049 1569 3146 intemperatiora
1607 3045 1834 3118 studia
1861 3102 1884 3136 ,
1925 3074 2075 3121 tum
2115 3053 2417 3150 gravitas
2449 3080 2689 3126 renum
2723 3056 2809 3157 ωε
2841 3055 3050 3156 ξωωῐ·

414 3153 462 3224 *a
532 3149 755 3222 multa
809 3147 1081 3220 saburra
1125 3145 1406 3219 arenosa
1446 3147 1791 3220 volentem
1857 3151 2198 3221 nolentem
2244 3150 2643 3251 obligarunt
2673 3184 2692 3233 ;
2719 3128 2881 3162 ἰη’

390 3249 700 3325 'deinde
743 3274 816 3321 os
866 3247 1196 3343 naresque
1240 3246 1411 3318 mihi
1468 3244 1799 3345 perpetuo
1852 3244 2030 3317 ficcae
2072 3253 2304 3323 contra
2342 3278 2576 3324 autem
2620 3256 2693 3324 in

421 3351 762 3421 somnum
820 3373 1079 3447 magna
1116 3372 1252 3417 non
1297 3345 1511 3416 solum
1560 3345 1763 3417 nostu
1813 3344 1930 3417 sed
1976 3351 2045 3419 ὅ(
2112 3346 2230 3419 diu
2287 3350 2643 3451 propensio
2673 3380 2704 3429 3.

424 3448 746 3541 denique
783 3446 1075 3518 induciae
1111 3445 1282 3515 mihi
1306 3471 1464 3517 cum
1502 3444 1635 3515 illis
1671 3443 2020 3518 doloribus
2046 3444 2129 3519 eo
2169 3448 2498 3520 duntaxat
2533 3473 2695 3520 tem-

422 3571 615 3649 pore
641 3570 783 3640 quo
809 3572 926 3619 aut
951 3570 1193 3640 coryza
1220 3543 1639 3644 supervenit,
1683 3569 1803 3618 aut
1841 3544 2047 3618 sudor
2077 3571 2196 3645 per
2224 3549 2544 3645 temporis
2561 3549 2697 3620 cle-

420 3647 778 3719 mentiam
821 3651 891 3720 δι
946 3647 1244 3741 quietem
1290 3646 1728 3744 stragulaque
1779 3645 2010 3718 calida
2066 3669 2508 3746 promovetur
2561 3649 2697 3719 lar-

388 3782 395 3786 ·
421 3748 603 3848 gitis
629 3799 652 3833 ‚
713 3767 833 3816 aut
861 3744 1052 3816 alvus
1089 3745 1371 3841 liquidis
1423 3741 1674 3818 diffluit
1719 3740 2168 3818 excrementis
2185 3767 2259 3814 ut
2288 3769 2525 3842 praeter
2550 3774 2698 3819 mo-

385 3873 593 3917 ·1em
668 3839 964 3915 diffluxit
1009 3869 1336 3942 magnam
1384 3871 1647 3946 partem
1699 3845 2014 3917 autumni
2067 3843 2401 3941 praesentis
2449 3871 2695 3941 quarto

392 3968 725 4045 ⁷quoque
751 3944 886 4016 fere
923 3945 1041 4017 die
1069 3946 1158 4017 ob
1187 3944 1444 4018 brumae
1467 3944 2020 4039 inaequalitatem.

536 4045 866 4132 Postremo
900 4045 1067 4114 hanc
1098 4048 1378 4131 nostram
1388 4045 1782 4134 fintentiam
1808 4091 1836 4127 ,
1868 4044 2026 4129 licet
2060 4041 2099 4113 ὲ
2130 4047 2482 4116 communi
2509 4044 2694 4121 sensu
2727 4056 2927 4123 Q⁰‚oeq=¹·
2956 4056 3051 4100 An·

2723 4128 2833 4158 ton·
2877 4110 3053 4156 senten.

417 4136 893 4223 Medicorum
927 4143 1139 4241 longe
1190 4144 1486 4214 alienam
1519 4192 1551 4235 ,
1593 4140 2009 4235 confirmarit
2051 4140 2310 4220 tandem
2351 4147 2640 4245 autopsta
2668 4200 2692 4242 ‚
2724 4170 2791 4216 11·
2830 4168 3070 4228 autopat.-
