3593 5087
950 403 1049 480 a
1415 375 2015 459 suerro
2167 381 2769 479 PRIMA;

640 540 836 591 minime
1043 517 1312 590 Etenim
1346 543 1465 590 cor
1488 520 1771 592 minime
1794 515 1924 592 esse
1970 517 2320 593 officinam
2354 525 2502 609 ejus
2521 517 2876 619 'sanguinis
2903 518 3180 595 atter-iod

596 599 724 657 ⁰⁰⁰
947 617 995 690 fi
1030 671 1053 705 ‚
1092 618 1408 712 huncque
1446 616 1846 716 sanguinem
1872 623 2183 717 generari
2214 647 2294 693 ex
2319 645 2509 718 parte
2542 620 2885 718 sanguinis
2911 621 3092 692 craffi
3112 624 3186 693 in

878 801 891 806 ⁴
943 718 1189 814 hepate
1217 717 1432 812 geniti
1460 717 1577 789 sed
1594 723 2007 792 attenuati&
2036 719 2634 819 praeparati'aliene
2653 772 2676 806 ‚
2706 743 2779 790 ut
2802 724 3039 792 Clarus
3055 723 3184 793 Uz-

942 842 1088 885 mus
1118 812 1441 887 subtiliter
1462 820 1688 915 magis
1717 820 1925 915 quam
1967 816 2400 916 probabiliter
2437 817 2729 912 vereque
2778 815 3183 916 excogitaffe

619 928 874 980 Probnmn
928 919 1015 986 -δε
1043 908 1403 1011 disputasse
1452 914 1721 989 videtur
1743 969 1767 1004 ,
1823 943 1904 989 ex
1945 917 2044 989 his
2068 916 2346 1016 perspici
2369 914 2522 986 satis
2558 913 2810 1016 potest:
2853 921 2922 988 in
2945 920 3184 1014 primis

586 992 702 1151 ἐξ
716 998 904 1090 '23³2‘ss
944 1036 1243 1109 namque
1268 1066 1291 1100 ‚
1313 1036 1389 1085 ut
1414 1015 1611 1087 altius
1659 1041 1802 1087 rem
1854 1040 2232 1114 repetamus
2267 1068 2290 1102 ,
2341 1016 2508 1111 quia
2545 1014 2638 1087 ad
2673 1020 3186 1112 generationem

586 1100 881 1221 qgss‘ffi‘ssgi}
944 1111 1292 1211 sanguinis
1334 1113 1403 1182 in
1435 1112 1643 1186 corde
1672 1112 1814 1204 (ut
1849 1117 1994 1187 vult
2025 1113 2443 1187 adversarius
2467 1113 2515 1206 )
2547 1113 3033 1214 perficiendam
3063 1116 3189 1186 ali-

584 1218 906 1324 ιῗετῑΡῐἻίῗ
946 1237 1084 1306 qua
1137 1207 1554 1283 defideratur
1579 1215 1864 1284 materia
1887 1266 1911 1300 ,
1962 1240 2044 1285 ea
2066 1212 2244 1285 certe
2277 1215 2405 1285 erit
2440 1237 2556 1283 aut
2576 1218 2691 1285 a'e'r
2708 1242 2729 1291 3
2761 1238 2966 1307 quem
2985 1215 3022 1285 ὲ
3043 1216 3188 1311 pul-

589 1290 622 1323 ⁸
649 1291 736 1323 ’ω
765 1290 820 1333 ⁹⁰
946 1306 1263 1381 monibus
1288 1335 1405 1381 cor
1426 1313 1846 1383 continenter
1891 1312 2118 1383 haurit
2146 1365 2168 1399 ,
2232 1336 2353 1383 aut
2383 1332 2595 1410 vapor
2619 1311 2730 1384 seu
2755 1313 3188 1407 anathymia-

947 1407 1029 1481 fis
1060 1408 1171 1480 san
1226 1410 1403 1479 uinis
1433 1406 1566 1482 sive
1586 1414 1729 1499 ejus
1755 1436 1964 1505 quem
2001 1436 2120 1483 cor
2163 1409 2475 1484 dextrum
2511 1410 2547 1482 ὲ
2592 1436 2764 1483 vena
2797 1436 2968 1485 cava
3011 1413 3188 1483 acci·

946 1508 1052 1608 pit
1082 1561 1105 1595 ‚
1157 1433 1288 1580 sive
1310 1509 1489 1581 illius
1533 1532 1740 1604 quem
1776 1512 2034 1579 arteriae
2080 1509 2118 1579 ὲ
2154 1511 2337 1580 venis
2377 1534 2684 1607 exugunt
2707 1561 2732 1596 ‚
2782 1515 2852 1580 &
2881 1535 3000 1606 per
3030 1530 3190 1580 aor-

948 1631 1094 1679 tam
1120 1632 1237 1679 cor
1260 1607 1494 1705 arripit
1526 1659 1549 1692 ‚
1592 1630 1711 1677 aut
1733 1605 2037 1702 denique
2062 1607 2188 1679 erit
2213 1605 2485 1705 sanguis
2501 1660 2526 1697 ‚
2552 1633 2761 1705 quem
2789 1608 2926 1677 lien
2957 1633 3038 1680 ex
3066 1608 3188 1680 he-

944 1730 1108 1805 pate
1133 1706 1361 1776 trahit.

534 1894 535 1897 Ἴ
591 1825 766 1874 ..noa
789 1822 905 1893 εἰς.
1044 1804 1266 1901 Atqui
1305 1826 1524 1899 neque
1547 1827 1628 1874 ex
1677 1806 1835 1875 aere
1882 1828 2055 1905 puro
2078 1856 2101 1891 ‚
2141 1803 2532 1878 tenuissimae
2572 1810 2642 1877 &
2673 1801 2994 1876 insensilis
3037 1831 3190 1878 cor·

592 1885 892 2001 ῗξζοξζῖξὛ
944 1929 1167 2003 poreae
1219 1903 1419 1974 molis
1441 1953 1464 1987 ,
1520 1927 1742 1999 neque
1796 1928 1877 1974 ex
1915 1929 2164 2002 vapore
2199 1906 2446 2002 pariter
2490 1902 2866 1974 tenuissimo
2920 1904 3202 2003 sanguis

949 2001 1228 2076 existens
1278 1998 1558 2072 fibrosus
1582 2053 1606 2088 ,
1653 2025 1858 2097 atque
1909 2027 2147 2074 verum
2192 2003 2485 2073 mixtum
2523 2000 2898 2101 persessum
2932 2002 2970 2074 ὲ
3016 2030 3195 2099 qua-

948 2124 1103 2173 tuor
1131 2101 1518 2186 elementiS‚
1555 2100 1880 2196 idemque
1896 2097 2209 2172 sensibilis
2234 2124 2689 2200 corporaturae
2722 2104 3036 2198 generari
3069 2129 3197 2201 po-

649 2218 885 2266 rros-m.
949 2199 1072 2271 test
1102 2252 1125 2286 ‚
1169 2202 1329 2272 cum
1364 2200 1653 2270 mixtum
1671 2224 1878 2271 omne
1926 2197 1963 2270 ὲ
2007 2197 2443 2272 miscibilibus
2490 2199 2682 2270 suam
2718 2197 3074 2270 crassitiem
3120 2206 3197 2275 &

950 2319 1465 2396 corporaturam
1498 2299 1805 2393 accipere
1832 2296 2077 2367 debeat
2104 2326 2123 2371 ;
2149 2303 2220 2368 δε
2251 2323 2653 2392 quanquam
2678 2311 2706 2341 ⁸
2761 2298 3202 2393 anathymia-

950 2391 1029 2465 fis
1083 2393 1426 2490 sanguinis
1460 2390 1497 2461 ὲ
1537 2389 1773 2462 dextro
1813 2392 1884 2462 in
1936 2389 2273 2461 sinistrum
2328 2396 2780 2467 ventriculum
2826 2421 2953 2494 per
3006 2420 3202 2469 coeca

650 2505 833 2578 §.Non
868 2504 907 2551 i·
948 2493 1068 2565 illa
1099 2490 1471 2589 spiracula,
1510 2485 1757 2585 quibus
1799 2487 2059 2586 septum
2100 2488 2325 2561 cordis
2361 2488 2830 2564 discriminans
2870 2493 3202 2569 dextrum

594 2565 905 2670 ῗῖἵηῗιῖἷὲἷζ
949 2588 1163 2663 finum
1195 2591 1234 2660 ὲ
1264 2587 1518 2660 sinistro
1574 2587 2018 2685 distinguitur
2051 2639 2073 2673 ,
2127 2589 2348 2678 trajici
2380 2590 2597 2689 potest
2639 2590 2677 2662 ὲ
2720 2591 2972 2665 dextro
3024 2597 3097 2666 in
3127 2594 3209 2669 fi-

591 2681 904 2786 ξξίζῗιζωζω·
948 2688 1232 2763 nistrum
1259 2741 1282 2775 ,
1320 2713 1550 2760 tamen
1585 2712 1664 2761 ea
1690 2689 1763 2758 in
1799 2685 2238 2786 sanguinem,
2264 2690 2485 2785 qualis
2516 2693 2589 2762 in
2613 2691 2871 2764 arteriis
2907 2691 3043 2781 est,
3079 2698 3207 2767 mi-

949 2787 1131 2860 nime
1162 2788 1460 2859 converti
1501 2785 1735 2886 potest.
3186 2876 3209 2890 ,

594 2914 830 2964 nobam.
1048 2887 1336 2986 Sanguis
1353 2910 1583 2960 autem
1600 2887 1861 2984 integer
1877 2909 2316 2980 nequaquam
2332 2883 2369 2956 ὲ
2388 2910 2560 2958 vena
2576 2910 2744 2960 cava
2765 2888 2839 2959 in
2859 2887 3210 2965 sinistrum

952 3013 1071 3087 per
1107 2985 1501 3077 hujusmodi
1529 2984 1868 3085 spiracula
1889 2982 2161 3055 traduci
2186 2985 2500 3081 quiverit.

652 3136 699 3166 e.
728 3113 912 3175 velqni
1049 3085 1464 3184 Sanguinem
1511 3082 1716 3183 porro
1752 3083 1788 3154 ὲ
1822 3083 2007 3155 venis
2051 3081 2138 3153 ab
2170 3085 2429 3158 arteriis
2479 3110 2596 3184 per
2638 3110 3041 3160 communes
3086 3116 3206 3162 ea·-

599 3176 624 3224 ἕ
681 3177 808 3221 ”¹²³⁸
864 3175 913 3219 ³¹¹
951 3201 1106 3258 r‘um
1140 3182 1168 3228 ι’
1213 3181 1663 3256 anastomoses
1702 3208 1839 3253 non
1873 3181 2040 3255 illici
2090 3197 2215 3254 ceu
2248 3185 2604 3254 materiam
2651 3183 3000 3279 sanguinis
3026 3212 3207 3259 arte-

599 3245 913 3337 :33305‘2‘
953 3282 1102 3358 riofi
1128 3283 1451 3380 colligere
1475 3280 1570 3354 est
1597 3335 1619 3370 ,
1663 3284 1824 3355 cum
1856 3278 2051 3377 quod
2075 3279 2230 3351 vasa
2262 3276 2527 3351 seorsim
2559 3282 2598 3351 'a
2638 3282 2699 3350 se
2739 3281 3039 3353 invicem
3063 3284 3204 3355 dis-

517 3373 529 3382 »
598 3348 795 3393 defertur
808 3364 823 3393 a

601 3405 836 3463 prosam.
954 3409 1137 3456 creta
1183 3380 1506 3452 incedunt
1565 3406 1681 3481 per
1744 3379 2045 3478 corporis
2094 3400 2413 3451 truncum
2437 3431 2459 3466 ,
2509 3404 2630 3450 nec
2680 3382 3206 3479 conjunguntur

602 3491 916 3596 ,ggssgffim
954 3509 1073 3556 aut
1101 3481 1605 3554 communicant
1630 3479 1779 3552 suas
1812 3477 2126 3548 materias
2170 3474 2290 3547 nisi
2331 3476 2575 3551 finibus
2605 3476 2713 3550 seu
2752 3484 3204 3553 extremitati·-

603 3607 704 3707 ξοη-
742 3604 882 3706 2:00¹.
954 3579 1076 3653 bus
1129 3581 1258 3653 suis
1301 3578 1717 3677 implantatis
1765 3574 2041 3673 singulis
2104 3573 2421 3648 membris
2451 3631 2474 3665 ,
2531 3601 2685 3675 quae
2743 3581 3206 3654 extremitates

644 3677 692 3706 nl
726 3678 750 3705 U
777 3691 790 3705 ο

600 3723 706 3767 „A
730 3720 917 3779 „qum
953 3677 1102 3750 sunt
1151 3679 1360 3779 prope
1386 3676 1739 3776 capillares
1765 3681 1836 3749 ὅ(
1865 3667 2194 3746 insensiles
2215 3726 2242 3764 ‚
2294 3679 2547 3749 &non
2596 3701 2739 3747 tam
2793 3677 3202 3774 sanguinem

953 3778 1295 3854 continent
1318 3779 1530 3872 quam
1554 3777 1849 3875 primam
1902 3769 2383 3852 humiditatem
2422 3801 2501 3851 ex
2540 3773 2847 3852 secundis
2897 3799 3208 3868 quatuor

952 3873 1150 3950 dietis
1204 3873 1720 3951 humiditatibus
1758 3902 1780 3952 ς
1844 3874 1915 3947 in
1957 3871 2225 3970 reliquo
2269 3875 2452 3950 enim
2498 3899 2645 3951 toto
2684 3871 2970 3947 decursu
3001 3874 3204 3949 vaso-

1034 4045 1079 4084 ι’
1149 4023 1522 4103 Evaporatio.
1712 4102 1726 4116 ⁶
2170 4042 2182 4052 ·
2407 4035 2502 4130 {fl
2569 4041 2570 4046 ¹

1029 4104 1071 4172 b
1147 4099 1501 4173 osculorum
1543 4117 1891 4192 apertiones·
2405 4115 2418 4128 '
3173 4129 3184 4140 ·

3049 4203 3216 4261 ΝΩ)
