3593 5087
879 553 984 609 tus
1014 528 1479 607 inflammatus
1508 589 1529 622 ,
1557 531 1695 606 boc
1724 534 1818 607 est
1844 589 1862 619 ,
1888 535 2227 632 ignescens
2253 536 2521 608 fumum
2549 523 2804 606 emittit
2827 555 3041 609 acrem
3067 541 3143 614 δε

808 713 819 722 ,
879 657 1299 737 pungentem
1328 689 1349 721 ,
1391 635 1813 732 minimeque
1849 633 2185 708 blandum
2216 644 2286 711 δε
2318 635 2587 709 suavem
2623 663 2638 704 t
2695 659 2875 730 aqua
2912 659 3139 711 autem

883 737 1120 808 contra
1160 734 1485 807 ebulliens
1537 757 1680 805 non
1730 733 1851 806 nisi
1897 738 2131 808 mitem
2190 739 2258 810 &
2310 736 2528 809 levem
2590 733 2828 805 saltem
2887 738 3149 810 mulce·

878 829 1071 907 brem
1108 859 1263 907 cum
1312 855 1617 933 tempore
1643 886 1665 922 ,
1719 841 1786 908 δε
1852 833 2097 913 statim,
2139 860 2347 934 atque
2407 836 2635 907 fervor
2664 837 2806 922 ejus
2840 836 3140 908 summus

884 936 1203 1007 remiserit
1241 990 1263 1023 ,
1312 931 1466 1005 sane
1509 936 1695 1005 calor
1730 935 1799 1005 in
1838 934 2059 1006 diaria
2100 935 2315 1009 suavis
2352 937 2687 1008 fervorem
2741 937 2962 1033 potius
3018 936 3150 1006 hu-

884 1035 1090 1108 moris
1119 1037 1323 1133 aquei
1369 1034 1788 1107 mediocrem
1834 1037 2044 1132 quam
2086 1033 2497 1136 ignitionem
2533 1035 2796 1135 spiritus
2826 1032 3151 1106 demons-

881 1159 1045 1226 trat.
1864 1155 1869 1162 ’

548 1246 855 1353 §.sm-lab
990 1235 1281 1310 Secundo*
1318 1229 1508 1305 idem
1531 1230 1869 1306 insinuant
1876 1233 2083 1330 figna
2110 1243 2190 1308 ab
2210 1232 2574 1306 ustionibus
2607 1231 2768 1320 laesis
2786 1236 3034 1330 petita,
3081 1237 3154 1309 δι

515 1315 767 1423 2233ssssss
801 1321 1196 1442 ”inprimis
1233 1335 1269 1406 ὲ
1315 1334 1508 1435 pulsu
1545 1362 1561 1403 τ
1623 1357 1784 1404 nam
1814 1337 1884 1405 in
1918 1335 2152 1407 diariis
2177 1346 2201 1378 ¹
2225 1339 2465 1407 Galerii
2502 1333 2972 1406 observatione
2988 1341 3151 1427 pul—

860 1435 991 1531 sus
1036 1441 1106 1506 in
1148 1437 1662 1529 magnitudinem
1692 1488 1714 1521 ,
1788 1440 2171 1506 celeritatem
2245 1431 2319 1506 ό·
2384 1437 2781 1505 crebritatem
2847 1455 3149 1512 mutatur

882 1540 1138 1634 alioqui
1164 1532 1471 1631 exquzfite
1502 1532 1788 1623 firvans
1825 1545 2189 1607 naturalem
2228 1538 2659 1630 aequalitatem
2695 1530 2769 1603 ό·
2801 1534 3152 1603 mollitiem.

876 1663 1029 1706 cum
1060 1639 1277 1705 ordine
1304 1682 1332 1713 ,
1365 1627 1493 1719 nfi
1527 1634 1702 1729 quod
1723 1639 2030 1705 crebritas
2064 1638 2134 1704 in
2154 1636 2348 1729 pulsit
2401 1636 2442 1705 ἁ
2466 1636 2878 1727 proportione
2926 1631 3151 1723 deficit

914 1738 1222 1806 ecundtim
1272 1735 1542 1829 quietem
1579 1756 1909 1803 externam
1938 1789 1959 1821 ,
2013 1759 2147 1832 quae
2218 1734 2588 1805 diuturnior
2652 1734 2865 1805 evadit
2903 1785 2925 1818 ,
2978 1731 3149 1801 unde

815 1733 1106 1928 έαὶβω·
1157 1837 1414 1919 rarior,
1465 1823 1538 1903 όν
1563 1835 1812 1902 interna
1840 1838 2018 1930 quies
2059 1836 2306 1907 brevior
2330 1822 2360 1920 ,⁶
2401 1828 2660 1928 ip‘fizque
2679 1833 2923 1928 systole
2950 1837 3143 1899 nullo

877 1934 1068 2004 modo
1115 1935 1186 2003 in
1238 1935 1553 2004 celeritate
1588 1957 1893 2007 mutatur.
1948 1933 2306 2005 Nimirum
2368 1934 2525 2003 cum
2585 1930 2834 2002 setosus
2894 1931 3147 2001 humor

877 2031 956 2105 fit
989 2058 1231 2134 corpus
1259 2031 1767 2130 homogeneum
1789 2035 2078 2107 &tenue
2100 2057 2305 2130 atque
2331 2028 2886 2132 simplicissimum
2913 2054 3147 2126 aequa·

877 2129 1033 2206 liter
1073 2133 1328 2223 fervet,
1384 2155 1593 2229 atque
1662 2134 1803 2220 ejus
1856 2133 2116 2207 fervore
2159 2158 2275 2204 cor
2328 2156 2466 2203 non
2511 2127 2633 2201 nisi
2700 2130 3141 2202 mediocriter

878 2233 1220 2306 incalescit
1252 2288 1275 2322 ,
1345 2257 1424 2304 ac
1479 2230 1612 2303 sine
1672 2232 2028 2330 spirituum
2096 2229 2385 2304 notabili
2447 2226 2825 2306 exhaustu3
2874 2256 2956 2300 ex
2999 2250 3138 2326 quo

877 2333 1105 2433 pulsus
1164 2357 1457 2431 augetur
1492 2331 1863 2404 secundum
1923 2331 2529 2432 magnitudinem,
2597 2330 3014 2401 celeritatem
3066 2337 3144 2395 ac

876 2429 1302 2504 crebritatem
1349 2484 1370 2516 ,
1407 2430 1522 2501 sed
1568 2430 1843 2503 modice
1911 2439 1982 2506 &
2022 2433 2374 2529 aequaliter
2396 2486 2419 2520 ‚
2462 2453 2668 2525 atque
2692 2426 3033 2500 ordinate.
3075 2424 3139 2495 Si

873 2535 1174 2625 namque
1236 2530 1469 2600 contra
1536 2529 1842 2628 spiritum
1913 2532 2018 2604 vel
2063 2560 2181 2632 per
2249 2558 2465 2604 unum
2527 2530 2713 2602 diem
2762 2529 3132 2600 naturalem

875 2628 1214 2727 ignescere
1233 2627 1605 2698 statuamus
1625 2680 1649 2715 ‚
1691 2653 1827 2698 non
1857 2630 2080 2701 levem
2115 2637 2256 2719 ejus
2293 2630 2628 2720 jaCturam
2666 2628 2850 2725 sequi
2880 2623 3130 2699 necesse

876 2732 1001 2800 erit
1027 2781 1047 2815 ,
1103 2752 1377 2823 unaque
1404 2727 1574 2801 vires
1602 2722 1947 2826 insigniter
1983 2726 2466 2803 collabascere:
2515 2732 2749 2825 itaque
2792 2752 2945 2798 cum
2996 2727 3128 2824 spi·

877 2830 1040 2900 ritus
1087 2823 1631 2899 inflammatione
1688 2829 2239 2926 magnitudinem
2298 2829 2524 2929 pulsus
2599 2832 2667 2903 &e
2722 2826 3124 2898 celeritatem

874 2924 1233 2999 consistere
1279 2928 1567 2997 omnino
1614 2927 2118 3025 improbabile,
2185 2931 2514 3000 mollities*
2551 2951 2777 3000 autem
2825 2926 2894 2995 in
2943 2926 3130 3024 pulsu

873 3028 1123 3124 organi
1154 3023 1306 3097 sane
1330 3026 1552 3096 mollis
1581 3022 1673 3097 est
1698 3027 1905 3099 index
1931 3082 1954 3117 ,
1981 3030 2205 3127 qualis
2232 3028 2325 3100 est
2351 3030 2596 3100 arteria
2623 3024 2804 3124 aqua
2838 3025 3127 3124 plurimi

875 3124 1241 3198 ebulliente
1269 3148 1568 3222 turgens,
2740 3183 2751 3192 .

971 3222 1133 3314 Jam
1168 3248 1426 3296 certum
1457 3222 1550 3295 est
1585 3222 1670 3297 ab
1700 3226 1882 3324 aqui
1929 3250 2208 3328 vapores
2264 3226 2600 3300 duntaxat
2630 3246 2914 3321 ’aqueos
2960 3223 3123 3294 exci-

827 3400 830 3403 ,
871 3329 1003 3399 tari
1030 3377 1053 3413 ,
1104 3327 1141 3396 ὲ
1179 3323 1414 3424 spiritu
1466 3325 1853 3422 ignescente
1891 3328 2127 3400 contra
2171 3327 2434 3399 calidos
2471 3380 2493 3414 ‚
2540 3324 2737 3399 siccos
2781 3330 2853 3398 δε
2897 3322 3120 3420 fuligi-

875 3424 1071 3497 nosos
1104 3480 1126 3513 ,
1180 3427 1370 3515 cujus
1401 3427 1491 3494 rei
1526 3425 1781 3497 indicia
1815 3426 1961 3500 sunt
1998 3448 2141 3500 tum
2176 3429 2413 3499 thorax
2468 3424 2770 3531 hispidus
2801 3428 3129 3520 intempe-

877 3529 999 3596 riei
1043 3523 1268 3597 cordis
1300 3521 1643 3595 calidioris
1676 3577 1697 3611 ,
1751 3527 2145 3624 spiritusque
2185 3527 2370 3626 ignei
2417 3526 2867 3619 index(nam
2912 3524 3130 3618 fuligo

878 3626 1176 3726 pilorum
1211 3625 1559 3715 materia)
1605 3647 1753 3692 tum
1795 3626 2035 3723 lingua
2062 3680 2084 3713 ,
2146 3622 2668 3723 universumque
2719 3651 2793 3697 os
2835 3623 3128 3721 fuligine

849 3725 1100 3817 Amultz‘i
1149 3751 1229 3795 ex
1294 3723 1623 3821 sanguine
1693 3728 1761 3795 δε
1811 3722 2041 3823 spiritu
2085 3730 2155 3796 in
2193 3725 2410 3817 corde⁴
2458 3724 2735 3797 accenso
2790 3728 3137 3825 expirante

845 3844 1052 3913 'ati-a.
1094 3819 1285 3909 Quia
1326 3824 1539 3922 igitur
1578 3820 1898 3894 crebritas
1951 3823 2174 3926 pulsus
2220 3829 2288 3897 in
2342 3823 2576 3897 diariis
2626 3823 2861 3895 deficit
2904 3822 3143 3895 secun·

885 3918 1054 3988 diun
1094 3925 1392 4015 quietem
1441 3921 1883 4011 exteriorem,
1936 3952 2010 3998 ut
2042 3925 2264 4027 pulsus
2316 3921 2389 3993 fit
2431 3926 2647 3997 rarior
2679 3977 2700 4009 ,
2756 3921 3143 4019 systoleque

885 4015 1074 4085 nullo
1103 4021 1313 4092 modo
1341 4023 1411 4091 in
1457 4023 1798 4096 celeritate
1826 4039 2139 4102 'mutetur
2181 4080 2206 4119 ,
2272 4027 2505 4129 itaque
2556 4024 2744 4109 nulla
2792 4019 3136 4105 neceffitas

966 4224 1005 4275 ρ
1030 4211 1078 4274 3,
1095 4200 1168 4265 de
1191 4206 1436 4287 pastea
1460 4212 1607 4295 puls.
