3593 5087
834 359 1037 504 ‘es
1240 421 1663 503 Monssr
1734 419 2248 503 cArr‘rrs
2322 418 2878 502 mirram

582 590 784 659 naemu
842 591 886 638 a
942 560 1198 655 quippe
1256 580 1409 651 quae
1467 550 1866 655 hypochism
1921 553 2106 626 fovet
2165 554 2555 654 praesentem
2587 611 2607 644 ‚
2658 565 2728 631 δε
2771 554 3192 632 maradian}

580 652 879 757 ‘J-fssgssiffffiff‘*
941 657 1052 729 seu
1081 679 1346 753 guttam
1383 653 1683 726 serenam
1715 655 2208 726 interminatur.
2242 652 2599 742 Quoniam
2648 660 2880 755 itaque
2934 685 3011 729 ea
3060 663 3191 731 im·-

939 759 1194 854 puritas
1225 754 1320 825 est
1359 756 1584 826 serosae
1617 757 1688 826 in
1734 778 1881 826 toto
1926 760 1995 827 &
2047 753 2410 853 praesertim
2441 758 2510 827 in
2556 760 2780 857 capite
2822 757 3194 857 stagnantis

939 857 1198 930 illuviei
1229 854 1497 927 effectus
1531 910 1552 942 ,
1608 881 1689 928 ea
1715 853 1894 925 certe
1946 879 2280 950 tanquam
2312 857 2714 928 antecedens
2748 858 2949 928 causa
3002 860 3194 930 omni

938 981 1083 1028 arte
1129 957 1267 1027 elui
1296 955 1498 1029 debet
1541 962 1611 1030 &
1644 956 1952 1051 corrigi,
1998 979 2372 1050 antequam
2419 959 2799 1045 conjunctae
2849 956 3064 1029 causae
3122 965 3195 1031 δε

636 1092 902 1148 Quaeexpe.
938 1056 1246 1157 spiritum
1287 1060 1357 1127 in
1396 1057 1600 1127 oculo
1640 1053 2016 1126 obfulcanti
2071 1055 2479 1126 consulatur.
2523 1055 2702 1128 lllud
2746 1082 2914 1154 ergo
2963 1056 3197 1129 conse-

610 1179 901 1250 „fficgfflb
938 1183 1227 1253 quemur
1254 1182 1402 1227 tum
1428 1153 1595 1227 sicca
1633 1155 1851 1228 victus
1895 1157 2154 1224 ratione
2184 1209 2205 1241 ‚
2266 1179 2411 1225 tum
2437 1155 2892 1227 diversionum
2928 1162 2996 1229 &
3034 1183 3196 1229 eva-

582 1265 882 1309 ¹²⁸·¹⁴‘¹0¹²⁶=
934 1260 1332 1330 cuationum
1384 1280 1581 1352 aquae
1620 1252 1988 1355 praesertim
2034 1256 2100 1323 in
2137 1255 2357 1353 capite
2392 1254 2621 1326 residis
2673 1257 2860 1329 omni
2901 1281 3195 1353 genere:

934 1359 1153 1432 vietus
1179 1358 1457 1428 rationis
1489 1379 1917 1427 momentum
1969 1379 2174 1425 omne
2220 1358 2291 1426 in
2347 1381 2555 1452 parcu
2611 1356 2729 1428 usu
2766 1355 3197 1450 liquidorum

936 1465 1006 1534 δε
1049 1483 1215 1558 potu
1261 1452 1553 1556 positum
1607 1454 1700 1526 est
1766 1453 2240 1552 praecipueque
2286 1457 2472 1543 vini,
2526 1482 2667 1552 quo
2733 1457 2900 1527 nihil
2948 1458 3018 1526 in
3061 1457 3196 1527 im—

936 1558 1192 1657 plendo
1249 1557 1471 1655 capite
1498 1609 1521 1643 ,
1600 1555 1953 1648 serosaque
1993 1552 2419 1653 plenitudine
2477 1555 2800 1654 augenda
2835 1583 2959 1656 pro
2994 1553 3194 1626 inlito

937 1661 1081 1745 ejus
1126 1655 1385 1727 sursum
1409 1658 1670 1757 impetu
1711 1708 1734 1742 ,
1780 1652 2300 1748 substantiaeque
2343 1656 2554 1726 modo
2580 1682 2803 1752 aqueo
2853 1657 3210 1756 potentius

937 1760 1233 1856 reperire
1261 1753 1375 1826 est.
2439 1751 2446 1758 “
3174 1791 3180 1798 ·

580 1901 629 1933 2.
657 1883 906 1934 Universa·
1060 1855 1396 1927 Remedia
1440 1879 1670 1926 autem
1698 1907 1723 1942 ,
1789 1876 1943 1949 quae
1971 1851 2257 1925 serosam
2307 1849 2437 1926 five
2463 1856 2532 1923 in
2562 1878 2709 1926 toto
2738 1908 2768 1942 ,
2813 1850 3046 1926 siveti‘n
3076 1879 3210 1924 ca*

580 1945 701 1991 ’Μ’
761 1957 905 1989 “¹¹¹‘'
943 1955 1080 2051 pite
1129 1956 1495 2029 colluviem
1530 1954 1754 2026 eluere
1788 1976 1950 2023 nata
1978 1953 2127 2024 sunt
2155 2006 2177 2041 ,
2220 1954 2450 2048 itaque
2499 1978 2802 2052 potenter
2848 1951 2933 2024 ab
2980 1955 3212 2026 oculis·

581 2003 693 2056 diis,
720 2002 907 2047 feroram

579 2058 909 2163 :gffffg'igaeffi
941 2052 1276 2127 divertere
1305 2109 1328 2143 ,
1385 2056 1573 2128 varia
1620 2053 1775 2125 sane
1824 2050 1972 2124 sunt
2001 2078 2154 2149 quae
2179 2053 2492 2124 adhiberi
2522 2048 2833 2149 poffunt:
2872 2054 3210 2149 quaedam.

582 2171 809 2222 antibo..
938 2178 1238 2251 namque
1298 2180 1556 2251 aquam
1598 2151 1950 2224 manifeste
1994 2177 2325 2225 evacuant
2361 2206 2384 2240 ,
2425 2151 2812 2248 hydragoga
2838 2153 3009 2222 dida
3042 2207 3065 2240 ,
3111 2179 3201 2224 ex

938 2277 1239 2347 quorum
1283 2280 1540 2352 magna
1590 2254 1791 2351 copia
1828 2251 2350 2345 Prudentiffimis
2396 2256 2686 2342 Medicis
2716 2253 3041 2350 eligenda
3092 2278 3204 2324 re·-

939 2355 1181 2449 linquo
1207 2408 1230 2441 ,
1273 2378 1427 2449 quae
1458 2351 1854 2443 Nobiliffimi
1884 2355 2043 2421 Viri
2076 2375 2547 2449 temperaturae
2599 2356 2670 2424 ὅ(
2710 2352 2872 2422 anni
2903 2354 3202 2452 tempori

935 2453 1571 2524 accommodatiora
1610 2447 2025 2522 videbuntur
2057 2477 2078 2525 ;
2126 2448 2439 2520 suaserim
2460 2474 2684 2522 tamen
2711 2478 2790 2522 ea
2817 2451 3050 2552 saepius
3093 2476 3212 2520 re-

938 2552 1235 2650 petenda
1270 2604 1293 2638 ,
1341 2551 1383 2622 si
1414 2550 1775 2652 praesertim
1799 2545 1922 2619 sint
1941 2546 2388 2646 benigniora,
2420 2553 2657 2646 qualia
2678 2553 2827 2624 sunt
2856 2609 2879 2642 ,
2907 2578 3152 2622 manna
3172 2606 3206 2640 ,

920 2650 1219 2747 sjtrupus
1248 2653 1874 2746 rosaceussolitivus
1906 2645 1979 2719 ό·
2008 2657 2131 2718 mel
2161 2699 2179 2729 ,
2248 2673 2320 2719 ue
2350 2648 2731 2747 &syrupus
2785 2657 2856 2722 de
2914 2652 3208 2723 cichorea

942 2778 1090 2823 eum
1118 2752 1265 2821 rhen
1292 2804 1314 2839 ,
1364 2776 1663 2847 quorum
1687 2749 1885 2822 usum
1912 2750 1982 2818 in
2018 2748 2256 2819 calidis
2296 2756 2366 2822 &
2399 2748 2649 2822 biliosis
2691 2753 2948 2823 naturis
2983 2754 3206 2822 maxi-

621 2880 673 2939 ς.ι
707 2871 910 2919 rmim-
943 2851 1222 2949 mopere
1246 2848 1681 2923 commendo.
1732 2849 1864 2921 His
1892 2874 2123 2919 autem
2152 2847 2446 2948 adjungi
2481 2851 2705 2948 magis
2756 2851 3204 2950 particularia

592 2926 782 2979 ΜΨ·
936 2948 1216 3052 possunt
1242 3004 1266 3039 ,
1322 2976 1475 3049 quae
1525 2949 1562 3022 ὲ
1599 2952 1825 3048 capite
1864 2947 2007 3049 ipso
2042 2972 2299 3044 aquam
2348 2949 2614 3021 trahere
2657 2972 2813 3020 nata
2848 2947 2995 3020 sunt
3019 3002 3043 3037 ,
3115 2973 3206 3021 ut

944 3055 1096 3124 sunt
1149 3053 1403 3145 mqllice
1434 3050 1508 3124 (9·
1549 3051 1818 3146 pafficlae
1844 3100 1866 3135 ,
1922 3072 2074 3145 quae
2121 3049 2278 3120 cum
2313 3049 2462 3120 satis
2492 3047 2725 3120 valide
2768 3074 3022 3144 aquam
3073 3049 3204 3120 eli-

946 3154 1131 3238 ciant
1163 3204 1184 3236 ,
1230 3158 1407 3225 &ex
1435 3150 1657 3222 oculis
1699 3172 2051 3237 avertant,
2096 3148 2328 3221 alvum
2372 3172 2691 3247 praeterea
2743 3148 3062 3219 molliunt
3122 3154 3208 3223 ὃς

947 3252 1066 3324 suo
1116 3252 1310 3323 vitali
1339 3252 1566 3323 calore
1592 3250 1923 3322 viscerum
1960 3248 2188 3321 fovent
2219 3249 2516 3317 calorem
2542 3298 2565 3331 ‚
2613 3271 2819 3340 atque
2854 3244 3032 3315 adeo
3062 3245 3102 3312 s
3137 3248 3208 3317 i-

628 3372 913 3441 gaerfimr·
946 3354 1114 3424 ritus
1159 3349 1499 3422 roborant.
1536 3353 1971 3422 Cucurbitulae
2001 3346 2274 3442 occipiti
2324 3343 2623 3414 admotoe
2672 3344 2777 3416 vel
2834 3273 3212 3445 homopia-

592 3443 730 3492 ⁸¹⁰*
945 3454 1028 3525 tis
1048 3506 1071 3539 ,
1115 3454 1473 3522 cauterium
1504 3454 1753 3550 pariter
1782 3448 2057 3544 occipiti
2092 3497 2115 3531 ,
2160 3443 2302 3516 imo
2327 3444 2652 3515 auricillae
2678 3445 2906 3516 imulae
2936 3497 2958 3533 ,
3023 3469 3098 3515 ut
3128 3451 3212 3521 δε

942 3553 1318 3642 vesicaeoria
1344 3549 1461 3624 suo
1485 3554 1628 3640 jure
1650 3546 1749 3619 ‘ab
1783 3544 2102 3619 omnibus
2142 3543 2515 3645 probantur
2544 3596 2567 3631 ,
2624 3569 2700 3616 ut
2750 3551 2821 3619 δε
2851 3540 3045 3635 [εᾶὶο
3090 3572 3210 3616 ve-

944 3678 1181 3722 narum
1217 3654 1307 3721 ad
1331 3654 1508 3722 oculi
1541 3655 1828 3745 angulos
1853 3678 1881 3725 ,-
1934 3668 2089 3743 quae
2116 3647 2348 3716 omnia
2372 3646 2539 3739 quia
2565 3642 2852 3717 serosam
2878 3647 2946 3716 in
2974 3645 3212 3743 capite

944 3752 1311 3823 colluviem
1362 3753 1599 3823 eluunt
1625 3803 1649 3838 ,
1696 3774 1835 3820 non
1876 3746 2118 3819 dubito
2161 3747 2331 3843 quin
2384 3746 2424 3817 ὲ.
2465 3745 3012 3843 Proestantffmis
3043 3747 3204 3819 Me·-

945 3852 1112 3922 dicis
1169 3850 1493 3925 hactenus
1540 3848 1793 3951 fuerint
1832 3846 2169 3949 usurpata.
2230 3845 2430 3918 Idem
2477 3872 2907 3920 momentum
2946 3842 3204 3917 habent

925 3949 1297 4041 sudorzfica
1326 3949 1371 4022 si
1403 3942 1685 4045 tempus'
1706 3950 2120 4047 permitteret
2144 4000 2167 4035 ‚
2209 3972 2509 4044 quorum
2535 3970 2764 4019 tamen
2795 3944 2987 4017 usum
3027 3969 3204 4016 tem-

886 4110 895 4116 .
945 4051 1132 4147 poris
1171 4050 1602 4121 inclementia
1631 4050 1805 4117 mihi
1839 4073 1976 4119 non
1999 4046 2271 4125 videtur
2297 4046 2643 4119 retardare
2688 4040 2936 4116 debere
2963 4071 2985 4119 ;
3031 4067 3201 4113 nam

950 4146 1007 4224 ss
1046 4146 1319 4221 sudores
1348 4173 1485 4221 non
1504 4170 1912 4247 promovent
1933 4200 1960 4240 ,
1989 4147 2228 4221 saltem
2250 4144 2711 4221 insensibiliter
2728 4166 2983 4246 aquam
3009 4138 3214 4242 stag-

624 3848 674 3910 3.
697 3834 916 3886 saderia-

593 3913 681 3946 tu.
