3593 5087
929 413 1041 508 *96
1193 400 2240 483 MoRssrcAPITIS
2342 400 2905 480 INTERNI

942 535 1118 629 apud
1138 531 1392 625 Clartff
1414 533 1495 601 V
1486 534 1659 600 irum
1687 532 1712 561 ⁸
1743 534 2156 604 Ludos-icum
2180 535 2504 607 Duretum
2521 585 2543 618 ,
2590 537 3180 644 qudtranstariom

788 717 797 722 -
918 635 1282 725 sanguinis
1291 627 1608 724 fitpprgffi
1622 633 1692 698 in
1700 637 2030 725 puerperio
2066 639 2134 699 in
2162 656 2355 725 caput
2389 633 2779 724 apoplec‘lica
2810 636 3076 705 interiit.

648 752 903 827 apoplexi?
1038 731 1286 825 Neque
1319 731 1505 800 enim
1543 727 1959 801 crediderim
1999 727 2088 800 de
2119 732 2362 800 natura
2402 729 2804 828 Apoplexiae
2825 729 2955 805 effe
2984 759 3059 805 ut
3101 736 3174 806 in

588 810 703 917 {2¹22
718 815 901 919 ξζὲῗξι·
939 827 1212 902 cerebro
1248 828 1504 926 semper
1533 826 1874 925 praefuerit
1926 828 2112 899 focus
2132 882 2154 915 ,
2191 828 2426 899 saltem
2451 829 2642 899 focus
2670 832 2792 925 qui
2811 835 3056 903 excitat
3075 830 3173 904 fe-

941 928 1134 1001 brem
1155 980 1176 1014 ,
1204 926 1316 997 sed
1351 927 1567 1024 potest
1599 923 1728 999 esse
1759 926 1967 998 vel-in
1987 926 2347 999 visceribus
2369 982 2390 1015 ,
2423 929 2530 999 vel
2559 928 2630 996 in
2655 926 2822 999 vasis
2855 933 3127 1028 magnis
3146 985 3171 1019 ,

943 1035 1016 1104 &
1041 1052 1156 1098 aut
1182 1024 1412 1096 statim
1444 1028 1665 1124 prima
1696 1023 2058 1096 accessione
2078 1025 2234 1095 ferri
2263 1027 2334 1094 in
2354 1051 2558 1124 caput
2577 1079 2598 1112 ,
2625 1050 2748 1122 aut
2771 1027 3009 1122 aliquo
3036 1029 3172 1100 alio

941 1125 1058 1197 die
1088 1123 1405 1221 deinceps
1433 1151 1511 1194 ex
1543 1127 1623 1196 iis
1653 1123 1901 1220 quibus
1943 1123 2106 1194 solet
2154 1126 2413 1195 moveri
2449 1124 2735 1194 materia
2786 1124 2989 1197 febris
3039 1125 3169 1198 five

937 1224 1264 1321 sanguis:
1333 1246 1456 1290 nec
1491 1224 1677 1293 enim
1733 1220 2028 1292 dubium
2076 1220 2171 1291 est
2213 1220 2469 1294 febrem
2519 1222 2922 1321 Apoplexiae
2955 1226 3172 1296 comi-

936 1348 1078 1395 tem
1097 1317 1278 1422 poffe
1296 1319 1549 1391 alicubi
1577 1373 1600 1407 ‚
1641 1321 1851 1416 quam
1887 1321 1957 1388 in
1991 1319 2266 1391 cerebro
2296 1321 2505 1393 latere
2533 1375 2556 1408 ,
2582 1346 2656 1391 ut
2691 1317 2927 1394 horror
2961 1324 2998 1393 ὲ
3027 1351 3169 1421 quo

933 1419 1365 1520 saep‘eincipit
1401 1416 1787 1518 Apoplexia
1820 1414 2147 1505 insinuat,
2181 1423 2250 1491 &
2277 1444 2592 1516 praeterea
2624 1417 2825 1491 febris
2849 1422 2922 1490 in
2950 1425 3171 1520 capite

932 1518 1167 1591 focum
1215 1519 1465 1590 habens
1501 1544 1663 1589 cum
1721 1515 1969 1587 delirio
2005 1523 2079 1590 ὅ(
2115 1518 2372 1614 vigiliis
2418 1520 2644 1617 potius
2682 1523 3170 1618 conjungitur;

935 1618 1169 1714 itaque
1201 1618 1344 1688 fieri
1365 1615 1578 1713 potest
1608 1615 1865 1687 febrem
1892 1614 2292 1714 Apoplexiae
2320 1618 2644 1688 comitem
2684 1616 3017 1714 quasdam
3052 1618 3167 1689 ha·

796 1783 801 1798 ,
906 1713 1092 1788 ,bere
1123 1714 1842 1788 exacerbationeslicet
1863 1717 2121 1785 ratione
2148 1714 2404 1813 soporis
2443 1713 2753 1786 obscuras
2776 1769 2797 1801 ‚
2830 1716 3021 1811 quod
3049 1717 3169 1787 sci-

934 1815 1098 1886 licet
1116 1813 1467 1886 cerebrum
1485 1810 1774 1911 perferre
1815 1837 1955 1883 non
1996 1811 2322 1884 liberatur
2341 1867 2367 1901 ‚
2412 1838 2485 1885 ut
2511 1815 2733 1888 evenit
2761 1815 2831 1885 in
2857 1817 2986 1886 hoc
3004 1815 3164 1887 casu

937 1911 1225 2010 paralysi
1254 1912 1759 2010 superveniente
1789 1908 2422 2007 primae'invafioni,
2457 1939 2610 2009 quae
2638 1913 3171 2008 quatuordecim

939 2012 1212 2086 duravit
1256 2010 1442 2098 dies,
1473 2013 1542 2100 &
1561 2010 1946 2108 periodicos
1975 2009 2325 2081 manifeste
2354 2036 2578 2083 motus
2605 2009 2863 2082 habuit.

580 2125 770 2195 Diversa
795 2123 902 2171 nect
1035 2108 1251 2198 Quod
1277 2105 1323 2178 fi
1358 2109 1580 2206 placet
1618 2111 1842 2207 potius
1876 2107 2120 2180 referre
2147 2107 2238 2179 ad
2271 2108 2528 2180 febrem
2548 2113 2944 2182 continuam
2976 2136 3172 2183 eam-

583 2183 659 2280 {1²2³
663 2198 722 2228 ‘¹⁸
741 2200 1073 2307 '‹i¹1'2i2{.que
1100 2207 1419 2309 pervigili
1448 2209 1933 2306 complicatam
1951 2208 2241 2293 comati,
2266 2233 2511 2306 parum
2535 2205 2832 2293 interest,
2859 2210 3024 2305 quia
3043 2234 3174 2280 cu·-

585 2293 755 2345 ‘⁸‘¹‘“'·
939 2312 1117 2382 ratio
1132 2333 1271 2385 non
1285 2307 1502 2378 variat
1522 2359 1543 2392 ‚
1568 2304 1903 2402 siquidem
1925 2305 2182 2402 ubique
2203 2311 2272 2379 &
2301 2305 2537 2395 febris,
2579 2312 2649 2381 δι
2673 2309 2913 2406 capitis
2943 2307 3176 2406 symp-

939 2432 1197 2480 tomata
1240 2402 1328 2476 ob
1358 2405 1769 2502 gravitatem
1805 2410 1876 2480 &
1903 2406 2282 2503 periculum
2306 2406 2344 2475 ὲ
2398 2403 2741 2503 dignitate
2839 2407 2998 2477 artis
3051 2406 3178 2478 de·-

934 2506 1239 2605 pendens
1262 2504 1687 2575 curationem
1732 2501 1826 2574 ad
1858 2502 1919 2573 se
1956 2503 2218 2575 trahere
2252 2500 2572 2578 videntur
2598 2555 2622 2592 ‚
2658 2432 3176 2582 mocl'ossonstet

931 2606 1304 2704 apoplexiae
1350 2599 1766 2673 differentias
1801 2603 1840 2672 ὲ.
1867 2600 2058 2673 nobis
2096 2602 2490 2674 constitutas
2511 2628 2647 2674 non
2669 2598 2795 2675 esse
2821 2605 3184 2701 imagina-

927 2706 1063 2775 rias
1079 2756 1102 2790 ,
1133 2728 1291 2773 cum
1309 2707 1378 2775 δε
1405 2704 1447 2773 ὲ.
1477 2699 1673 2773 nobis
1700 2698 2037 2799 descripta
2071 2703 2524 2773 intermittens
2548 2707 2617 2774 δε
2638 2700 2990 2799 periodica
3012 2729 3180 2776 vere

926 2803 1134 2875 fuerit
1170 2856 1192 2890 ,
1230 2799 1506 2901 singulis
1563 2800 1820 2898 quippe
1858 2797 2153 2871 motibus
2199 2799 2377 2871 lunae
2413 2805 2482 2873 &
2516 2824 2653 2871 tem
2705 2798 2990 2870 estatum
3016 2827 3178 2871 mu·-

931 2899 1301 2974 tationibus
1357 2923 1698 2971 recurrens
1723 2952 1746 2987 ,
1799 2905 1870 2972 &
1929 2902 2276 2972 Avia-erma
2310 2896 2623 2989 hujusmp
2677 2899 2703 2968 i
2747 2892 3186 2971 constituerit

937 2999 1351 3089 differentias
1375 3052 1396 3086 ‚
1426 2997 1699 3070 easdem
1730 3003 2026 3070 Galenus
2061 2992 2514 3071 insinuaverit.

602 3123 740 3192 mgna
770 3113 895 3162 mni·
1035 3101 1556 3198 Malignitatem
1590 3123 1792 3196 porro
1829 3098 2028 3185 hujus
2049 3093 2276 3166 morbi
2301 3096 2648 3192 sequentia
2668 3094 2819 3167 satis
2851 3094 3185 3169 ostende-

581 3191 898 3281 ἕιῗὲἷῗεᾶω.
939 3223 1094 3270 runt
1129 3197 1316 3296 ligna
1355 3224 1435 3269 ex
1460 3194 1523 3266 se
1602 3222 1759 3268 rava
1786 3250 1809 3284 ‚
1871 3195 2119 3266 scilicet
2170 3219 2307 3265 non
2343 3194 2707 3291 agnoscere
2746 3193 3130 3266 familiares
3154 3251 3186 3284 ‚

586 3291 755 3339 dmm·
936 3306 1007 3374 &
1038 3296 1295 3369 oblivio
1328 3299 1513 3383 juxta
1602 3292 2459 3390 Hippocratis‘sententiam
2492 3319 2513 3367 3
2563 3315 2712 3361 tum
2737 3316 2896 3364 vero
2925 3293 3191 3379 juncia.

934 3394 1276 3497 rigoribus
1312 3396 1382 3464 in
1435 3394 1749 3464 somnum
1803 3389 2161 3492 propensio
2191 3445 2214 3480 ‚
2273 3394 2342 3463 &
2376 3388 2577 3460 facies
2611 3386 2895 3459 flammae
2948 3390 3190 3470 modo

929 3493 1415 3571 excandescens
1443 3517 1600 3562 cum
1648 3491 1890 3564 sudore
1921 3497 2111 3582 juxta
2161 3487 2460 3561 eundem
2483 3498 2506 3528 ⁶
2535 3492 2992 3582 Hippocratem
3054 3487 3188 3560 sed

933 3603 1001 3670 ὅ(
1024 3595 1295 3686 junctus
1326 3588 1663 3692 rigoribus
1704 3614 1935 3689 torpor
1957 3642 1980 3678 ‚
2027 3589 2199 3686 quin
2241 3582 2562 3660 sermonis
2593 3585 2886 3659 defeffio
2931 3583 3193 3661 simili-

1010 3827 1044 3865 a
1128 3805 1352 3867 Cotum.
1384 3804 1444 3862 in
1481 3800 1643 3862 Holl.
1694 3800 1798 3861 lib.
1852 3815 1903 3859 r.
1948 3798 2023 3859 de
2071 3788 2285 3858 morbis
2330 3799 2434 3857 int.
2475 3796 2549 3856 ad
2595 3797 2741 3877 Cap.
2783 3811 2840 3860 7.

1010 3888 1047 3947 b
1128 3886 1261 3943 Lib.
1297 3899 1343 3939 1.
1369 3880 1624 3962 praedi&
1654 3881 1812 3962 Aph.
1835 3886 1928 3947 64.
1959 3894 2025 3938 ut
2049 3881 2111 3937 δι
2135 3875 2312 3937 Coae.
2345 3893 2516 3956 praen.
2540 3878 2700 3957 Aph.
2730 3884 2786 3934 6.
2812 3873 2984 3935 Μιτὲ
3008 3870 3200 3958 §lynce

933 3964 1115 4041 ἄγνοια
1151 3969 1307 4027 κακὸν
1332 4008 1347 4031 ,
1385 3967 1539 4022 navtur
1587 3959 1660 4022 dl·
1699 3975 1738 4038 ’9
1770 3969 1919 4025 λη’θη·

1008 4067 1043 4106 c
1088 4043 1262 4103 Cone.
1286 4037 1698 4127 praenAphff.
1721 4037 1807 4103 τέ
1837 4035 2188 4118 uastant-ussto«
2210 4035 2367 4117 ξίγια
2387 4030 2691 4117 bromios&
2717 4040 2757 4112 ’3‘
2782 4038 2843 4101 τό
2864 4033 3196 4113 φλογδθοε

939 4148 987 4195 ⁸¹
1020 4122 1294 4203 '1²06de
1333 4118 1441 4196 pro*
1497 4117 1770 4207 MJWTQ‘
1809 4145 1856 4187 tr
1899 4119 2106 4187 ‘tn'rosn
2143 4114 2409 4188 κικὸηθοῑ.

3081 4214 3214 4275 tel*
