3593 5087
890 383 1034 483 360
1110 374 1540 456 MoRBI
1615 376 2135 457 VENTRIS
2199 374 2938 453 INFERIoRIs

882 513 1014 584 lien
1057 515 1144 584 iis
1173 517 1504 583 obnoxius
1509 511 1607 600 stt
1648 516 1868 608 magis
1895 515 2254 583 tumoribus
2271 564 2295 598 ‚
2351 517 2466 606 qui
2495 516 2576 580 ah
2608 515 2813 582 unius
2845 517 3128 589 decubieu
3212 597 3217 610 ¹

858 609 1001 703 firi
1026 616 1299 681 excitati
1325 618 1569 708 febrem
1616 639 1749 682 non
1804 616 1902 682 ita
1939 637 2247 705 magnam
2272 612 2499 680 babent
2530 613 2906 703 adjunft'am
2933 629 3003 685 Φ
3023 643 3126 709 per

858 710 936 803 se
955 710 1315 797 fidamur,·
1369 736 1771 807 quanquam
1816 712 2089 806 utrique
2146 734 2444 782 tumores
2504 711 2717 782 averti
2773 710 3038 810 poffunt
3081 713 3130 786 fi

878 812 1188 883 medicus
1247 808 1635 908 tempestive
1692 809 1972 882 vocatus
2000 811 2107 883 vel
2156 834 2268 881 eos
2319 814 2460 898 jam
2499 807 2849 907 praesentes
2900 814 3128 884 adver-

876 934 1022 981 tens
1044 963 1067 996 ,
1111 904 1220 982 uel
1248 912 1392 994 jam
1422 916 1560 999 jam
1597 909 1917 981 instantes
1955 907 2333 1006 praevidens
2355 907 2672 1007 legitima
2699 909 3005 996 remedia
3039 938 3130 983 re-

876 1007 1165 1081 vulfioni
1188 1011 1483 1079 materiae
1511 1006 1847 1080 influentis
1864 1006 2257 1079 adhibuerit
2282 1061 2305 1095 ,
2344 1010 2554 1103 'atque
2607 1008 2816 1078 etiam
2851 1006 3138 1082 influxu-

873 1133 1011 1194 rae,
1060 1107 1420 1179 &causam
1447 1133 1836 1182 moventem
1862 1103 1990 1178 five
2032 1103 2454 1178 occasionem
2503 1109 2864 1184 correxerit
2888 1161 2911 1195 ‚
2963 1138 3028 1181 v.
3064 1134 3132 1209 g.

873 1205 1375 1307 plenitudinem
1403 1206 1749 1306 sanguinis
1791 1206 2003 1279 &seri
2029 1258 2052 1292 ‚
2097 1205 2204 1279 vel
2241 1203 2539 1276 subitum
2565 1204 2784 1302 frigus
2829 1205 3139 1279 ambien-

874 1310 959 1377 tis
985 1360 1008 1394 ‚
1060 1304 1150 1376 ob
1187 1310 1380 1393 cujus
1437 1304 1795 1376 occursum
1820 1312 1890 1378 δε
1932 1331 2015 1376 ex
2073 1301 2316 1375 crebris
2369 1306 2876 1377 intervallisex
2913 1309 3141 1406 inopi·

877 1430 1042 1476 nato
1089 1429 1501 1503 repetentem
1555 1407 1625 1475 in
1663 1401 2310 1503 septentrionalibus
2365 1426 2557 1474 terrae
2601 1403 2824 1502 plagis
2869 1407 3139 1478 nullum

821 1502 828 1505 ’
878 1528 1096 1603 genus
1127 1502 1417 1574 febrium
1470 1501 1750 1575 observo
1799 1502 2219 1597 frequentius
2259 1497 2545 1601 graffari
2579 1509 2647 1575 ὅ(
2681 1501 2940 1582 adoriri
2989 1530 3140 1576 cor·
3194 1509 3197 1512 ’

878 1630 1045 1703 pora
1110 1602 1474 1700 praesertim
1536 1605 1866 1689 juvenum
1931 1601 2355 1701 plethorica‚
2405 1625 2528 1671 nec
2571 1600 2723 1672 satis
2767 1598 2886 1672 fibi
2934 1627 3140 1675 cauta

879 1700 1310 1801 providaque
1345 1701 1591 1770 harum
1639 1697 2014 1771 subitarum
2061 1700 2235 1771 aeris
2264 1701 2722 1772 mutationum
2752 1753 2775 1786 ,
2829 1706 2901 1773 ὃς
2932 1704 3138 1773 etiam

881 1800 1152 1871 easdem
1210 1799 1635 1899 negligentia
1683 1824 1822 1899 prae
1901 1798 2118 1870 nimia
2198 1799 2514 1888 juvenilis
2592 1797 2852 1877 roboris
2923 1800 3134 1873 confi-

882 1899 1139 1970 dentia.

514 494 595 544 mi
615 491 726 544 lien·

981 1998 1337 2070 Nimirum
1385 2024 1538 2070 rara
1585 2001 1912 2086 juvenum
1970 2022 2258 2097 corpora
2314 1997 2565 2069 Boreas
2630 2024 2710 2070 ex
2765 1996 3135 2098 improviso

881 2095 1167 2198 perflans
1198 2096 1530 2194 altiusque
1581 2120 1936 2195 penetrans
1970 2149 1993 2183 ‚
2045 2096 2405 2196 praesertim
2458 2094 2504 2166 fi
2548 2096 2920 2169 austrinam
2946 2096 3134 2169 cons-

882 2198 1278 2270 titutionem
1331 2198 1666 2295 exceperit
1695 2244 1721 2276 ,
1795 2195 1835 2267 ὲ
1895 2196 2440 2267 circumferentia
2510 2194 3015 2270 redundantem
3066 2199 3140 2267 in

878 2294 1047 2369 vafis
1118 2296 1521 2396 sanguinem
1572 2296 1707 2367 una
1754 2320 1914 2366 cum
1981 2293 2131 2366 sero.
2191 2299 2263 2368 δι
2331 2294 2558 2393 saepihs
2595 2294 2817 2367 serum
2866 2296 3139 2383 solum,

879 2396 1134 2494 quippe
1181 2395 1382 2466 facile
1410 2393 1780 2494 separabile
1810 2447 1831 2479 ,
1886 2398 1955 2465 in
1981 2392 2357 2492 praecordia
2386 2394 2740 2491 magnast
2760 2394 2970 2496 penit
3003 2421 3141 2467 tru-

880 2495 1174 2588 ditque3
1217 2520 1359 2590 quo
1405 2493 1562 2567 sane
1612 2489 1979 2567 necessario
2034 2494 2108 2563 in
2134 2491 2389 2591 stipites
2423 2493 2584 2565 cum
2616 2517 2861 2583 ruant,
2920 2497 2993 2565 in
3019 2493 3134 2567 vil:

881 2617 1034 2664 cera
1058 2619 1340 2689 quoque
1372 2592 1480 2666 seu
1507 2595 1761 2680 fontes,
1811 2619 1889 2664 ex
1914 2589 2160 2686 quibus
2210 2592 2434 2692 primo
2479 2592 2966 2680 dimanarunt,
3010 2596 3140 2664 im-

881 2715 1106 2791 petere
1142 2697 1408 2781 evenit,
1451 2700 1521 2767 &
1548 2692 1712 2791 saepe
1765 2689 2104 2763 subfistere
2149 2692 2222 2761 in
2275 2689 2606 2791 angustiis
2646 2692 2962 2764 radicum
3018 2717 3137 2766 va-

881 2790 1109 2864 sorum'
1140 2793 1517 2893 praesertim
1565 2792 1966 2888 sanguinem
2012 2785 2302 2861 crassum
2336 2844 2360 2878 ‚
2417 2816 2581 2878 nam
2623 2792 2817 2862 nullo
2856 2793 3139 2890 negotio

884 2890 1105 2963 serum
1144 2894 1440 2993 erumpit
1488 2892 1525 2962 ὲ
1557 2887 1723 2963 vafis
1750 2943 1774 2977 ,
1826 2892 2282 2989 irrumpitque
2315 2892 2381 2960 in
2408 2914 2613 2990 poros
2648 2893 3139 2988 parenchyma-

888 2991 1014 3060 tis:
1067 2994 1283 3087 itaque
1310 3016 1474 3061 rarae
1496 2993 1662 3082 fient
1682 2992 1901 3080 febres,
1930 3042 1953 3076 ,
2003 2992 2073 3059 in
2105 2994 2339 3085 quibus
2385 2996 2466 3059 ab
2510 2988 2629 3059 hoc
2644 2991 3014 3085 sanguinis
3045 3017 3143 3060 re·

890 3086 1080 3180 cursu
1112 3096 1298 3159 ambo
1333 3093 1576 3180 viscera
1600 3143 1625 3180 ,
1677 3088 2042 3182 autsalcem
2082 3096 2356 3160 alterum
2402 3115 2492 3161 ex
2532 3092 2622 3159 iis
2662 3116 2795 3163 non
2830 3092 3139 3162 intumas

891 3211 965 3260 ut
996 3191 1381 3283 plurimicm.

580 3286 653 3332 ¹³²
675 3293 850 3331 ‘'²⁰³⁰“
992 3286 1189 3361 OBS.
1235 3282 1559 3363 CXXIII.
1615 3290 1937 3388 Equidem
2002 3289 2397 3384 experientia
2461 3288 2849 3385 quotidiana
2888 3285 3132 3376 observo

522 3343 700 3403 hepati·
756 3345 830 3391 in-

524 3399 849 3511 fflgnae‘egrae,
888 3388 1115 3486 paffim
1139 3386 1509 3484 hujusmodi
1534 3413 1850 3474 tumores,
1896 3384 1970 3459 ό·
1992 3390 2154 3459 inter
2189 3392 2361 3458 alios
2399 3390 2658 3458 memini
2698 3414 2793 3458 me
2820 3382 3032 3480 vidiffe
3066 3389 3143 3455 3¹²

526 3511 717 3575 perfluo.
890 3487 1133 3584 disti-<ilo
1154 3491 1453 3562 cadavere
1489 3492 1771 3580 Illustris
1821 3485 2268 3576 Adolescentis
2298 3487 2587 3557 Baronis
2627 3487 3030 3559 ferdinandi
3056 3488 3141 3555 ab

887 3587 1231 3682 Henaufin
1258 3641 1281 3675 ,
1350 3590 1460 3658 cui
1485 3584 1699 3676 febris
1745 3611 1891 3653 cum
1940 3609 2190 3654 tumore
2218 3588 2727 3680 inflammatorio
2756 3588 3017 3659 tertiitm
3042 3611 3142 3654 re·-

867 3713 1173 3775 ⁴currerat
1214 3692 1391 3758 intra
1433 3711 1638 3758 unum
1689 3709 1936 3754 annum
1978 3735 2000 3768 ,
2067 3711 2260 3778 eaque
2297 3686 2559 3756 lethalis
2591 3736 2611 3769 ,
2659 3692 2843 3755 lobes
2890 3687 3139 3782 quidem

884 3814 1102 3857 omnes
1126 3788 1376 3880 hepatis
1397 3789 1742 3856 admodum
1767 3802 2089 3875 turgentes
2096 3786 2216 3874 sed
2239 3792 2445 3856 laxos
2473 3782 2548 3856 ό·
2573 3791 2802 3855 molles
2821 3836 2846 3871 ,
2871 3786 3140 3853 inieritis

885 3909 1096 3956 autem
1142 3891 1357 3977 viscus
1377 3887 1700 3983 stupenda*
1726 3886 2012 3977 rigidum
2039 3883 2274 3955 duritie
2303 3880 2377 3953 ό·
2420 3885 2847 3955 retorridum:
2881 3877 3133 3975 seilicet

706 4062 710 4067 .
884 3980 1219 4074 lobosfiri
1244 4011 1375 4055 non
1403 3989 1615 4056 minor
1632 4011 1791 4077 pars
1821 3982 2145 4076 invaserat
2166 4035 2188 4068 ‚
2235 4010 2390 4054 nam
2410 3987 2665 4080 reliqua
2686 3985 2907 4077 portio
2939 3988 3006 4050 in
3028 3983 3132 4047 al·-

567 4124 598 4131 „
883 4107 1039 4164 rum
1058 4087 1341 4176 primum
1349 4085 1795 4184 fiftenarium
1849 4085 2221 4170 decubuerat
2245 4135 2271 4177 ,
2317 4087 2481 4157 unde
2507 4082 2835 4165 diarrhoea
2869 4080 3142 4191 hydato-

3000 4199 3091 4255 tis
3123 4225 3154 4265 2
