3593 5087
931 422 1079 522 με
1223 411 1654 494 MoRssi
1752 396 2337 495 EXTERNI
2417 412 2996 497 ΗΑΒιΤυς

583 580 834 630 austum?-
918 558 1356 647 particulares
1399 551 1600 641 hujus
1623 555 1866 645 generis
1903 546 2360 643 hydropesfive
2391 573 2670 618 rumores
2690 552 2920 647 aquosi
2931 548 3004 623 ό·
3023 572 3187 646 pre.

521 600 663 691 Ἕω.
903 652 1132 744 sertim
1174 650 1580 723 brachiorum
1614 650 1687 723 ό·
1738 675 1996 721 crurum
2033 700 2055 733 ,
2085 650 2199 743 qui
2237 671 2515 718 tumores
2525 646 2666 737 fire'
2693 653 2930 722 morbis
2960 663 3181 754 longis

565 745 568 748 ¹
899 750 1259 843 succedunt
1290 799 1317 830 ‚
1362 746 1435 819 ό·
1475 753 1947 843 num-fugaces
1984 752 2211 844 quippe
2232 753 2388 839 solo
2416 751 2526 844 qui
2558 738 2775 818 cdlore
2802 750 2944 823 Ιεᾶὶ
2968 765 3186 831 oblite·

612 857 888 930 Huiusmodi
925 877 1158 923 rantur
1193 905 1217 938 ,
1253 876 1428 918 nunc
1454 854 1819 943 pertinaces
1867 851 2235 917 admodum.
2266 847 2426 919 Hoc
2457 872 2688 919 autem
2730 855 3016 924 tumoris
3039 861 3187 929 uni.

552 937 647 968 nm
661 917 892 964 universn-

547 980 888 1036 lesqnampar-
925 953 1189 1023 versalis
1227 973 1443 1046 genus
1499 949 1671 1020 sorte
1711 950 1863 1043 quis
1913 949 2183 1017 tertiam
2228 947 2553 1046 hydropis
2589 947 2877 1045 speciem
2915 1006 2937 1036 ‚
2973 962 3188 1027 leuco-

550 1036 1374 1148 3⁵,ffp‘215213‘gjpblegmatiam
1406 1047 1640 1146 passim
1696 1047 1958 1119 diti'cam
2004 1045 2419 1118 crediderit:
2472 1044 2587 1117 sed
2633 1048 2811 1118 certe
2851 1057 3185 1144 quantum

554 1165 658 1251 '35¹2
683 1148 889 1251 223⁰}
921 1150 1191 1246 sanguis
1220 1147 1470 1220 crudus
1505 1151 1543 1218 *a
1587 1172 1779 1219 mero
1822 1148 1965 1218 sero
2010 1144 2217 1217 distat
2249 1198 2271 1232 ‚
2321 1147 2585 1217 tantum
2608 1148 2747 1217 ·ille
2784 1148 3089 1253 hydrops
3114 1158 3186 1227 in

548 1224 579 1270 Ρ
657 1220 688 1264 ⁸
917 1249 1312 1320 memoratis
1384 1251 1580 1344 aegris
1631 1247 2016 1319 observatus
2103 1250 2174 1316 δε
2224 1269 2363 1315 non
2413 1246 2800 1340 infrequens
2868 1251 2911 1319 a
2965 1253 3186 1325 leuco-

913 1345 1344 1446 phlegmatii
1412 1345 1616 1419 debet
1661 1345 2014 1442 distingui.
2077 1343 2219 1415 Hic
2265 1347 2449 1417 enim
2500 1345 2847 1443 sanguinis
2890 1352 3185 1448 pituitofi

906 1443 1244 1543 crudique
1292 1452 1361 1518 ὅ(
1414 1446 1595 1517 male
1632 1445 1974 1545 compadsti
2007 1447 2131 1516 nec
2158 1446 2338 1541 poris
2370 1446 2670 1543 partium
2717 1444 2888 1517 bene
2930 1455 3185 1549 agglu-

913 1549 1110 1618 tinati
1150 1544 1607 1630 affimilative,
1661 1546 1960 1642 ideoque
1988 1545 2056 1613 in
2102 1565 2248 1614 toto
2297 1543 2838 1618 redundantis&
2867 1546 3185 1648 superflui

555 1662 592 1705 ι.
616 1655 882 1704 Cmsseon·
918 1644 1178 1717 soboles
1202 1643 1437 1717 existit.
1484 1643 1609 1716 Ille
1639 1669 1870 1717 autem
1913 1644 2146 1714 contr'a
2171 1646 2628 1715 continentem
2680 1642 2882 1716 habet
2914 1652 3184 1724 causam

529 1728 732 1763 '‘mm“
763 1744 782 1768 ’
896 1744 1211 1818 xserosum
1259 1745 1618 1815 humorem
1658 1768 1884 1816 cutem
1925 1745 2101 1814 inter
2132 1740 2208 1815 δι’
2233 1767 2503 1815 caeteras
2556 1742 2991 1819 membranas
3034 1755 3187 1823 uni-

920 1846 1201 1918 versales
1270 1841 1700 1941 stagnantem
1730 1897 1752 1931 ‚
1803 1841 1987 1915 unde
2019 1866 2199 1938 aqua
2237 1844 2530 1914 intercus
2554 1842 2755 1914 Celso
2789 1841 3086 1936 dicitur,
3110 1875 3183 1923 ut

914 1946 1100 2015 color
1136 1942 1551 2014 demonstrat
1593 1945 1662 2013 in
1705 1968 1857 2015 cute
1889 1941 2076 2013 idem
2114 1941 2250 2012 fere
2295 1967 2500 2038 atque
2530 1941 2726 2028 ante,
2773 1967 2915 2013 non
2955 1973 3179 2022 autem

913 2041 1308 2115 subalbidus
1369 2068 1575 2138 atque
1633 2041 1936 2127 laeteus,
1991 2064 2108 2111 aut
2174 2042 2387 2112 livore
2457 2037 2732 2114 suffusus
2792 2046 2985 2130 juxta
3030 2074 3185 2121 ocu-

916 2144 1018 2212 los
1059 2144 1280 2239 qualis
1329 2144 1400 2212 in
1463 2137 2086 2244 leucophlegmatia
2135 2141 2430 2211 cernitur
2487 2165 2567 2210 ac
2621 2137 2667 2210 s1
2716 2143 2890 2211 cutis
2944 2145 3180 2219 suffuso

916 2241 1094 2313 laste
1149 2268 1397 2341 pureve
1454 2241 1869 2314 madesceret
1929 2239 2147 2315 vividi
2221 2240 2464 2311 coloris
2527 2235 2697 2312 flore
2743 2241 3015 2338 prorsus
3078 2247 3191 2319 de-

918 2341 1210 2442 perdito.

619 2486 699 2531 11,
742 2482 896 2543 εἰμὶ,
1021 2442 1105 2511 Et
1145 2440 1510 2511 confirmat
1548 2440 1763 2511 tastus
1807 2468 1822 2508 t
1869 2465 2031 2510 nam
2077 2440 2146 2509 in
2184 2436 2493 2537 hydrope
2544 2434 2917 2536 compress‘a
2965 2441 3186 2542 digito

561 2542 892 2648 f“‘¹“jj,}„„ss‘
922 2542 1094 2613 cutis
1142 2537 1344 2621 resilit
1397 2566 1476 2613 ex
1519 2542 1583 2611 se
1615 2537 1843 2607 statim
1868 2535 2189 2610 refluente
2220 2538 2401 2633 aqua
2430 2538 2662 2639 sponte
2692 2540 2856 2609 illuc
2874 2594 2900 2628 ,
2943 2546 3122 2616 unde
3143 2547 3188 2618 ὲ

561 2616 867 2705 afflatibus..
923 2660 1267 2741 premente
1298 2662 1509 2708 manu
1556 2635 1865 2724 dejesta;
1907 2639 1978 2705 in
2020 2637 2645 2738 leucophlegmatia
2667 2645 3188 2742 autemimpres'-

919 2742 1071 2812 sum
1110 2736 1315 2834 digiti
1359 2738 1764 2831 relinquitur
1798 2732 2161 2832 vestigium
2195 2789 2218 2822 ,
2272 2739 2602 2835 languine
2640 2735 2858 2810 craffo
2899 2765 3031 2811 non
3076 2745 3181 2814 fa-

917 2839 1045 2912 cile
1090 2834 1409 2910 refluente
1465 2836 1628 2907 illuc
1682 2833 1869 2905 uude
1899 2830 2271 2933 expressum
2314 2839 2464 2909 fuit.
2522 2836 2790 2909 Adhaec
2839 2864 3061 2912 tumor
3111 2847 3180 2914 in

917 2940 1042 3010 illo
1091 2937 1313 3007 mollis
1338 2934 1687 3033 aequaliter
1729 2939 1798 3006 &
1840 2959 2061 3032 partes
2098 2935 2364 3034 superas
2416 2936 2775 3036 praesertim
2823 2938 3187 3020 distendit;
3264 2930 3271 2937 „

921 3039 1034 3108 hic
1083 3061 1312 3106 autem
1357 3060 1493 3106 non
1547 3031 1666 3102 nisi
1729 3033 2063 3132 proecipue
2105 3060 2326 3131 partes
2379 3037 2690 3108 infernas.
2759 3039 2927 3111 Uno
2982 3041 3181 3114 verbo

916 3136 1249 3208 cachexiae
1278 3135 1463 3204 nulla
1516 3134 1587 3202 in
1632 3133 1751 3202 illo
1785 3132 2143 3204 manifesta
2171 3133 2431 3205 indicia
2457 3188 2481 3223 ,
2518 3160 2672 3230 quae
2701 3137 2880 3210 hunc
2906 3164 3186 3239 praever-

915 3261 1058 3310 tere
1088 3233 1296 3303 solent
1334 3264 1348 3301 ι
1389 3257 1514 3305 nec
1567 3232 1818 3330 pariter
1858 3230 2071 3305 febres
2104 3232 2411 3307 ardentes
2440 3259 2559 3307 auc
2596 3237 2928 3310 viscerum
2963 3265 3180 3310 rumo-

920 3359 1021 3409 res
1047 3331 1608 3404 inflammatorios
1645 3332 1763 3402 ille
1798 3328 2103 3429 subsequi
2144 3357 2221 3404 ut
2260 3334 2370 3405 hic
2420 3332 2587 3404 solet
2610 3388 2633 3421 ,
2661 3335 2780 3407 nisi
2816 3338 2990 3409 forte
3031 3364 3185 3409 con-

920 3435 1191 3527 junstus
1235 3430 1308 3502 fit
1345 3432 1577 3502 ascires
1603 3484 1625 3516 ,
1670 3457 1744 3503 ut
1772 3433 1842 3502 in
1870 3434 2072 3504 Patre
2113 3434 2474 3504 Reverendo
2507 3432 2582 3505 ό·
2619 3440 2906 3529 Virgine
2922 3443 3185 3531 predic·

919 3545 994 3606 ιᾶ
1023 3588 1044 3621 ,
1097 3539 1167 3607 &
1219 3530 1266 3603 fi
1311 3531 1610 3629 gravitas
1642 3532 1881 3627 capitis
1921 3538 1991 3605 δε
2036 3532 2581 3633 hydrocephalus
2620 3535 2757 3606 fere
2800 3537 3177 3634 hydropem

923 3632 1228 3704 nostrum
1295 3628 1696 3730 praecedant.
1745 3629 2064 3723 Denique
2139 3633 2494 3703 universali
2558 3634 2854 3735 hydropi
2905 3636 3177 3707 minime

926 3733 1246 3802 anorexia
1274 3783 1297 3816 ‚
1342 3737 1410 3803 &
1461 3726 1591 3800 fitis
1632 3728 1724 3797 im
1827 3730 2020 3798 rtuna
2046 3783 2069 3815 ,
2133 3729 2530 3830 affiduaque
2583 3735 3166 3830 quemadmodum

924 3830 1560 3928 leucophlegmatiae
1593 3826 1704 3898 assi
1762 3853 1871 3899 ere
1912 3831 2331 3902 consuevere.

571 3967 658 4015 m.
684 3961 907 4011 nodoso.
1024 3927 1374 4001 Postremo
1434 3928 1732 4025 hydrops
1773 3927 1862 3999 de
1907 3953 2049 4024 quo
2097 3928 2377 4026 quaestio
2419 3929 2513 4003 est
2541 3984 2563 4018 ‚
2600 3930 2821 4005 facilis
2859 3930 2951 4004 est
2995 3931 3174 4004 solu·

575 4024 786 4074 ¹²⁸⁵⁰⁸¹⁸·
927 4029 1126 4099 tionis
1169 4030 1326 4099 clun
1376 4027 1994 4127 leucophlegmatia
2032 4054 2168 4101 non
2210 4028 2329 4099 nisi
2364 4031 2542 4129 aegre
2582 4057 2855 4105 curetur
2891 4085 2915 4120 ‚
2966 4057 3179 4130 quan·

805 4238 818 4249 .
923 4124 1304 4227 doquidem
1328 4128 1533 4235 longe
1560 4128 1822 4205 facilius
1863 4131 2215 4232 pleonexia
2244 4129 2456 4204 setosa
2486 4132 2559 4204 in
2602 4155 2749 4205 toto
2788 4132 3189 4208 redundans
