3593 5087
943 399 1090 465 ³222
1195 384 1602 492 MoRm
1700 381 2334 468 THoRAcrs
2434 349 2986 469 1NTE'R'N1

938 545 1127 595 tuere
1153 545 1415 619 oportet
1444 523 1661 594 levem
1687 517 2071 592 admodum
2100 515 2231 591 effe
2248 573 2271 606 ,
2320 517 2619 615 ideoque
2653 517 3012 591 obscuram
3039 576 3062 609 ‚
3100 513 3186 599 δέ

935 624 979 692 ὲ
1028 620 1226 691 causa
1289 622 1511 717 potius
1574 621 1848 690 externa
1904 617 2297 717 tempestate
2343 616 2592 689 scilicet
2652 619 2840 689 aeria
2889 619 3181 710 induci,

815 761 816 764 =
922 719 1144 813 zquam
1180 722 1220 791 *a
1253 716 1897 816 latente‘pmredine
1928 768 1950 802 ,
1996 720 2191 805 cujus
2226 716 2424 788 causa
2469 714 2543 788 fit
2580 713 2951 789 obstructio
2986 720 3176 790 vaso-

925 841 1107 887 rum.
1157 814 1399 910 ltaque
1435 841 1840 913 quanquam
1888 816 2271 887 communis
2317 814 2412 886 est
2463 815 2893 887 medicorum
2942 818 3176 915 opinio

931 912 1196 987 asthma
1232 912 1432 988 febris
1458 909 1587 988 effe
1609 938 1843 1013 expers
1872 968 1894 999 ,
1940 927 2185 984 tamen‘n
2208 940 2362 984 eam
2386 914 2591 986 valde
2647 913 3020 1013 suspestam
3055 916 3178 986 ha·-

917 1009 1074 1084 ‘beo‘
1092 1017 1250 1085 cum
1297 1013 1497 1086 febris
1530 1016 1603 1085 in
1630 1013 1974 1084 nonnullis
1999 1014 2209 1083 etiam
2239 1012 2450 1084 sensui
2501 1011 2631 1084 sese
2658 1037 2796 1082 non
2825 1013 3180 1086 ineviden-

919 1132 1032 1181 ter
1065 1113 1364 1212 prodat·‚
1403 1109 1664 1184 tametsi
1702 1112 1890 1182 calor
1930 1136 2068 1181 non
2095 1108 2299 1181 siccus
2340 1135 2459 1182 aut
2485 1136 2684 1198 acer,
2723 1109 2835 1181 sed
2878 1112 3177 1189 halimo-

921 1209 1038 1281 sus
1087 1213 1490 1311 plerumque
1545 1209 2003 1304 humidusque
2039 1214 2109 1282 ὃς
2157 1208 2451 1280 blandus
2482 1208 2570 1280 ob
2619 1210 2976 1307 ingenium
3008 1210 3176 1281 scili-

933 1333 1037 1381 cet
1076 1334 1271 1407 aquae
1296 1311 1413 1382 sua
1451 1309 1698 1381 natura
1741 1308 2023 1381 minime
2052 1307 2386 1395 mordax,
2416 1306 2532 1378 sed
2559 1308 2759 1382 suave
2795 1313 2866 1380 δε
2907 1307 3174 1380 demul-

934 1431 1108 1479 cens,

591 1535 747 1593 ‘signa
769 1527 909 1578 febr?-
1031 1491 1195 1598 Ej'us
1263 1532 1564 1605 namque
1604 1501 1910 1604 vulgaris
1964 1531 2009 1577 o
2056 1500 2306 1576 'in‘ionis
2362 1503 2453 1576 de
2503 1504 2802 1575 carentia
2858 1503 3061 1578 febris
3109 1504 3182 1578 in

582 1589 910 1701 ἐξῃῇξξῗζξξ
937 1603 1267 1679 asthmate
1322 1602 1743 1679 occasionem
1783 1628 1926 1674 non
1981 1628 2026 1674 o
2076 1602 2340 1674 scuram
2389 1598 2519 1674 esse
2569 1601 2778 1680 credo
2802 1654 2827 1690 ‚
2896 1603 3088 1698 quod
3138 1608 3180 1676 ὲ

579 1702 898 1822 ῗξεῗςὶζᾞζ
933 1703 1129 1804 pulsu
1168 1729 1287 1776 aut
1323 1704 1523 1776 urina
1568 1704 1830 1798 alioqui
1877 1701 2216 1773 indicium
2250 1699 2451 1772 febris
2488 1726 2627 1771 non
2668 1699 2788 1771 nifi
2816 1699 3182 1775 obscurum

889 1793 909 1818 '
927 1804 1076 1905 peti
1102 1801 1319 1902 potest
1343 1856 1366 1889 ,
1415 1804 1456 1873 ὲ.
1480 1800 1673 1903 pulsu
1711 1798 1999 1898 quidem
2046 1801 2210 1896 quia
2253 1800 2613 1900 palpitatio
2647 1798 2969 1895 quaedam
3013 1827 3178 1873 con-

934 1902 1169 1991 juncia
1205 1901 1341 1974 fere
1369 1900 1465 1972 est
1496 1926 1656 1971 cum
1687 1897 2022 1970 asthmate
2041 1905 2077 1987 ‚'
2100 1897 2363 1969 ratione
2393 1902 2586 1987 cujus
2632 1899 2859 1995 pulfirs
2882 1900 3181 1998 inaequa-

925 2002 1019 2071 'lis
1040 2054 1064 2087 ‚
1121 2006 1192 2074 δι
1229 2001 1455 2072 varius
1495 1996 1880 2070 admodum
1917 1997 2351 2097 palpitationi
2400 1999 2522 2067 uni
2576 1996 2895 2069 tribuitur
2933 2050 2960 2084 ,
3022 2000 3183 2072 cum

934 2121 1164 2170 tamen
1205 2095 1523 2170 crebritas
1554 2096 1976 2192 varietasque
2004 2094 2230 2197 pulsus
2256 2093 2425 2165 febri
2450 2119 2731 2192 quoque
2758 2119 2916 2167 acce
3073 2123 3176 2168 re-

585 2226 907 2280 vertimini.
936 2197 1096 2270 ferri
1142 2195 1387 2271 debeat
1418 2229 1434 2267 :
1491 2193 1579 2266 ab
1607 2195 1808 2266 urina
1852 2220 2080 2265 autem
2110 2194 2359 2292 pariter
2398 2193 2587 2265 haud
2622 2218 2883 2266 certum
2932 2220 3180 2295 rgnum

933 2294 1136 2369 febris
1183 2296 1324 2397 peti
1354 2292 1616 2395 potest;
1661 2294 1821 2364 cum
1855 2296 2072 2370 urinae
2116 2296 2187 2364 in
2236 2291 2632 2380 hujusmodi
2689 2291 3021 2392 dypsnoea
3073 2320 3186 2367 co-

933 2393 1139 2495 piosae
1200 2392 1585 2465 admodum
1606 2444 1634 2477 ,
1671 2390 1975 2488 ideoque
2035 2415 2264 2464 tenues
2318 2395 2389 2464 &
2430 2415 2627 2486 aquae
2675 2391 2881 2463 instar
2928 2393 3183 2492 perspi-

919 2493 1081 2564 'cuae
1106 2543 1130 2579 ‚
1181 2493 1416 2588 itaque
1444 2489 1654 2590 longe
1680 2488 2049 2563 dissimules
2073 2489 2282 2563 urinis
2315 2486 2764 2564 familiaribus
2796 2497 2862 2565 δε
2886 2494 3178 2593 propriis

929 2588 1228 2662 febrium
1300 2588 1736 2691 putridarum
1788 2589 2231 2689 suspicionem
2281 2613 2557 2661 omnem
2607 2586 2808 2662 febris
2872 2590 3182 2679 tollunt,

933 2705 1170 2763 revera
1224 2714 1525 2786 namque
1558 2691 1630 2760 in
1654 2687 1972 2762 omnibus
2005 2684 2300 2760 febribus
2325 2740 2352 2775 ,
2396 2712 2552 2783 quae
2591 2713 2752 2759 cum
2779 2685 3185 2805 fiterionibus

931 2786 1087 2859 sunt
1132 2789 1550 2878 conjunc'tae,
1594 2812 1670 2860 ut
1703 2812 1864 2859 cum
1915 2783 2274 2858 arthritide
2303 2837 2327 2872 ‚
2407 2791 2478 2863 δι
2514 2784 2840 2859 similibus
2864 2841 2888 2876 ‚
2939 2815 3091 2885 qua:
3139 2788 3186 2860 ὲ

937 2885 1286 2986 sanguinis
1317 2882 1618 2960 arteriosi
1643 2885 2059 2986 potiffimum
2091 2885 2350 2981 serique
2377 2885 2447 2954 in
2470 2911 2550 2957 eo
2571 2884 3016 2960 redundantis
3059 2889 3187 2960 fer-

937 3009 1105 3056 vore
1133 2985 1480 3085 pendent,
1537 3013 1615 3057 ex
1665 2988 1993 3071 erimento
2021 2984 2247 3057 nostro
2286 2984 2497 3055 urinae
2521 2982 2780 3083 semper
2809 2985 2959 3057 sunt
2990 3012 3187 3088 pror-

617 3098 724 3155 mn·
756 3111 910 3167 epum
943 3081 1047 3155 sus
1097 3111 1135 3154 a
1189 3110 1330 3158 ueae
1350 3138 1374 3173 ‚
1423 3090 1495 3159 &
1549 3110 1589 3155 a
1645 3083 1939 3157 modum
1973 3082 2279 3182 copiosae.
2332 3085 2961 3180 Itaque-quanquam
2994 3090 3203 3157 urina

586 3158 909 3273 {arga-gt·
934 3179 1126 3276 pufflc
1159 3210 1276 3279 que
1302 3210 1434 3254 non
1461 3189 1622 3255 αντε*
1650 3205 1936 3278 arguant
1953 3183 2199 3274 febrem
2218 3230 2245 3262 ,
2270 3190 2482 3250 tamen
2513 3184 2698 3276 aestus
2731 3181 2804 3252 ό·
2827 3188 3073 3252 caloris
3087 3189 3194 3253 in-

589 3272 814 3375 ffifssfffi,
837 3286 912 3373 {22
939 3282 1100 3352 terni
1121 3281 1344 3369 sinsus
1378 3310 1560 3380 quem
1586 3311 1746 3380 oeger
1773 3285 1957 3353 babet
1979 3333 2001 3367 ,
2038 3284 2174 3352 ἰηιό
2201 3281 2456 3350 externi
2469 3332 2493 3368 ‚
2552 3284 2667 3376 qui
2708 3280 3013 3348 medicum
3024 3279 3188 3371 sal-

589 3388 910 3489 ζζζζξῶψὶω
941 3389 1066 3454 lere
1086 3386 1307 3478 nequit
1326 3433 1350 3468 ,
1401 3386 1688 3455 blandus
1727 3383 1875 3454 licet
1897 3429 1929 3464 ,
1962 3379 2037 3453 ό·
2067 3402 2199 3453 non
2233 3377 2529 3471 infitavis
2563 3430 2585 3464 ,
2613 3378 2794 3469 fiatis
2848 3380 3196 3476 attestatur,

974 3484 1134 3552 chris
1204 3507 1289 3552 roe
1319 3483 1520 3551 entioe.

592 3613 641 3646 ι.
677 3601 816 3671 sign·
842 3480 988 3651 arf
1040 3509 1202 3653 Νεέ
1231 3479 1601 3652 rese-lamam
1634 3630 1658 3665 ‚
1693 3577 1883 3676 signa
1908 3550 2411 3664 mutetv'orrgr
2432 3570 2798 3677 spontanea
2820 3573 3191 3666 laffitud0‚⁴

585 3657 801 3709 amm·
907 3672 912 3677 ’
942 3675 1273 3778 oppreffio
1302 3679 1591 3781 peiloris·
1622 3728 1647 3766 ,
1696 3677 1995 3776 vigiliae,
2025 3671 2157 3746 fitis
2175 3731 2199 3764 ‚
2228 3674 2895 3777 dejeQaappetentia
2917 3680 2986 3749 &
3014 3676 3194 3765 ejus-

939 3776 1160 3849 modi.
1201 3776 1545 3877 Equidem
1585 3800 1723 3850 non
1754 3770 2025 3877 possum
2048 3799 2186 3846 non
2212 3772 2377 3875 [πρὸ
2410 3777 2651 3847 mirari
2674 3799 2787 3847 eos
2814 3772 3136 3848 Medicus
3159 3798 3203 3863 ‚·

934 3879 1063 3975 qui
1111 3875 1233 3950 nist
1289 3878 1722 3953 vehementes
1749 3882 1820 3950 &
1863 3898 2127 3949 urentes
2159 3871 2547 3951 admodum
2583 3873 2798 3949 febres
2824 3898 3193 3968 nunquam

899 3974 914 3985 ⁶
943 3976 1322 4077 agnoscunt
1349 4032 1373 4065 ,
1409 3973 1599 4075 quali
1620 3974 1783 4049 verb
1809 3978 1881 4047 in
1907 3970 2199 4049 febrium
2224 3997 2304 4046 ut
2329 3975 2401 4045 in
2436 3974 2858 4071 reliquorum
2880 3973 3205 4043 omnium

941 4074 1340 4157 morborum
1367 4098 1616 4180 genere
1650 4070 2034 4150 differentia
2052 4099 2257 4172 penes
2276 4070 2835 4178 magnitudinem
2869 4122 2898 4165 ,
2934 4075 3008 4147 δε
3040 4069 3200 4153 vulfe
