3593 5087
822 476 976 524 wrrrt
1655 492 1659 505 ·

818 550 971 617 cavi
1002 594 1026 629 ‚
1061 566 1147 614 ne
1171 535 1617 642 turpimmum
1640 532 1856 641 plagii
1880 532 2133 613 crimen
2153 534 2516 639 quisquam
2543 550 2812 619 mecum
2837 546 3074 649 expos:

808 644 981 713 wlet
1003 666 1125 735 ,qu
1173 641 1269 712 od
1305 667 1377 713 ut
1406 639 1723 713 Plautina
1758 643 1878 713 illa
1929 642 2171 714 mulier
2199 695 2221 728 ,

1170 745 1453 812 Alienos
1503 748 1752 812 labores
1795 766 1932 810 eam
1979 741 2362 835 suppositum
2411 742 2590 813 mihi.
2623 744 2669 836 )

913 836 1222 931 Primum
1253 893 1274 925 ‚
1307 841 1589 936 inquam
1619 893 1641 926 ,
1695 840 1956 937 ingenii
2001 843 2136 911 mei
2181 840 2425 912 foetum
2472 838 2679 911 affero
2719 840 3063 940 offeroque

817 935 1173 1007 confilium
1221 939 1467 1010 scilicet
1493 939 1670 1011 illud
1697 992 1718 1024 ,
1748 940 1837 1010 de
1868 964 2007 1033 quo
2050 939 2202 1009 ante
2227 992 2251 1026 ‚
2279 961 2413 1009 non
2439 938 2704 1012 futilem
2736 967 2815 1010 ac
2844 944 3065 1014 levem

817 1035 1093 1124 hujusce
1140 1040 1347 1109 totius
1385 1039 1606 1137 operis
1673 1035 1804 1111 five
1838 1035 2254 1110 occasionem
2305 1035 2433 1108 sive
2481 1041 2857 1111 materiam.
2910 1041 3064 1112 Ad-

814 1133 958 1206 fero
1013 1160 1242 1207 autem
1300 1162 1441 1208 non
1514 1163 1849 1234 tanquam
1909 1135 2079 1207 rude
2111 1189 2133 1224 ‚
2175 1137 2466 1207 informe
2524 1143 2594 1209 <St
2641 1138 3061 1236 indigestum

485 1258 785 1329 rsqueomnt-
824 1241 1025 1314 κύημα
1070 1288 1094 1322 ,
1177 1262 1511 1330 tanquam
1583 1236 1831 1309 foetum
1902 1239 2046 1321 jam
2123 1237 2253 1308 suis
2344 1234 2661 1308 omnibus
2739 1236 3060 1312 membris

457 1317 785 1421 {Sfossffib‘¹⁸
814 1332 1080 1431 prorsus
1136 1334 1571 1422 absolutum,
1624 1336 2202 1432 informatumque
2260 1340 2330 1407 &
2384 1335 2746 1432 spirantem
2781 1390 2805 1424 ‚
2853 1363 3061 1432 atque

459 1432 634 1479 ¹³¹⁰d5‘·
816 1430 1101 1532 publicoe
1143 1434 1308 1505 lucis
1357 1435 1641 1506 avidum
1692 1461 1771 1505 ac
1831 1432 2177 1506 sitientem.
2223 1433 2582 1505 Nimirum
2616 1439 2775 1507 cum
2808 1439 2877 1507 in
2936 1439 3066 1510 illo·

452 1554 782 1626 nuzo-&fam
808 1528 1088 1602 consilio
1139 1532 1468 1625 hysterica
1500 1530 1785 1629 quidem
1832 1533 2046 1629 vulgo
2078 1531 2308 1603 habita
2344 1532 2792 1631 symptomata
2825 1560 2960 1606 non
2987 1540 3059 1608 in

454 1611 506 1660 ω
523 1613 779 1674 s‘¹'¹'‘¹⁰‘¹¹⁸
813 1654 1117 1718 uterum,
1155 1655 1232 1702 ut
1282 1630 1407 1701 fert
1451 1634 1833 1703 communis
1885 1631 2310 1701 medicorum
2366 1633 2605 1728 opinio
2670 1631 2754 1702 ab
2793 1633 3061 1732 Hippo-

805 1744 991 1813 crate.
1022 1736 1111 1804 ⁸&
1161 1729 1434 1801 Galeno
1483 1730 1575 1800 ad
1631 1731 1772 1799 hoec
1825 1728 2037 1824 usque
2087 1755 2397 1838 tempora
2431 1730 2775 1817 derivata,
2816 1733 2930 1804 sed
2985 1737 3059 1807 in

806 1854 1023 1901 unum
1058 1855 1263 1930 caput
1294 1851 1529 1928 praeter
1580 1853 1895 1900 naturam
1932 1828 2108 1899 male
2156 1825 2473 1900 afledium
2510 1852 2633 1899 ceu
2662 1856 3053 1928 parentem,

800 1930 1045 2028 capitis
1088 1953 1316 2001 autem
1344 1926 1897 1999 constitutionem
1922 1928 1961 1997 *a
2004 1928 2297 1999 naturali
2340 1921 2814 1999 alienam'non
2842 1930 2912 2000 in
2948 1930 3055 2002 fa-

801 2026 1024 2106 mosas
1052 2028 1203 2105 illas
1244 2027 1716 2122 cacocbymiae·
1749 2026 1994 2125 species
2028 2078 2051 2112 ,
2084 2024 2197 2096 sed
2255 2028 2327 2095 in
2377 2051 2669 2119 aqueam
2717 2025 2849 2100 five
2889 2028 3056 2101 sero·

802 2127 948 2196 sam
995 2128 1362 2198 colluviem
1426 2127 1464 2201 “a
1502 2125 1784 2201 medicis
1832 2124 2280 2224 praetervisam
2325 2122 2647 2195 haetenus
2677 2176 2699 2211 ,
2732 2125 2908 2196 certe
2937 2153 3054 2199 ne-

799 2227 1145 2319 gligenter
1177 2223 1671 2320 oscitanterque
1715 2223 2210 2299 consideratam
2247 2217 2375 2294 esse
2407 2220 2908 2295 refundendam
2935 2224 3057 2298 de-

800 2319 1317 2401 monstraverim
1342 2373 1365 2406 ,
1410 2343 1630 2417 operae
1712 2324 1956 2391 retium
1997 2318 2127 2390 esse
2155 2322 2322 2390 duxi
2360 2319 2453 2391 ad
2483 2324 2815 2407 majorem
2843 2319 3057 2396 fidem

800 2444 880 2489 ac
925 2420 1148 2491 lucem
1189 2420 1269 2488 iis
1314 2419 1504 2490 novis
1548 2415 1639 2487 ad
1698 2414 1952 2486 endam
1999 2417 2263 2514 placitis
2294 2417 2612 2512 quaedam
2654 2421 2789 2491 alia
2844 2422 3061 2494 consi-

800 2519 896 2589 lia
926 2571 948 2604 ,
987 2517 1104 2590 sed
1138 2514 1360 2589 multo
1397 2516 1619 2615 plures
1671 2513 2166 2588 observationes
2205 2512 2601 2587 morborum
2649 2517 2786 2590 fere
2830 2525 3055 2597 omnis
3129 2605 3134 2610 ,

803 2619 1072 2715 generis
1112 2615 1492 2715 adjungere
1519 2668 1541 2703 ‚
1599 2621 1670 2689 ὅ(
1713 2616 1781 2685 in
1827 2641 2042 2689 unum
2090 2616 2298 2687 veluti
2354 2638 2598 2714 corpus
2645 2642 3060 2726 componere

802 2725 878 2802 ὅς
904 2713 1269 2792 efformare
1297 2770 1321 2802 ‚
1363 2719 1487 2811 qui
1532 2713 1755 2786 morbi
1791 2712 2098 2803 ejusdem
2151 2714 2375 2785 serosae
2424 2716 2680 2787 illuviei
2725 2717 2927 2790 essent
2951 2722 3055 2791 ef-

801 2815 1020 2905 festus
1049 2833 1077 2904 ‚'
1125 2838 1245 2886 aut
1301 2814 1633 2887 diluviem
1673 2815 1853 2885 illius
1903 2812 2205 2885 humoris
2257 2811 2295 2883 ὲ
2344 2815 2565 2913 capite
2616 2816 2686 2884 in
2749 2819 3055 2893 universa

799 2918 1066 3010 reliqua
1106 2914 1412 2986 membra
1465 2911 1849 3012 depluentis
1890 2913 2448 3008 consequerentur
2480 2966 2502 3001 ‚
2534 2917 2606 2986 &
2651 2911 3096 3013 paradoxo&

798 3015 979 3096 illud
1024 3011 1378 3087 consilium
1404 3013 1689 3086 mirifice
1725 3010 2150 3083 illustrarent.

900 3113 1170 3198 Adsero
1202 3115 1413 3212 igitur
1457 3114 1636 3186 hunc
1679 3113 1939 3212 ingenii
1986 3111 2194 3184 nostri
2221 3111 2469 3185 foetum
2500 3164 2524 3199 ‚
2569 3113 2666 3184 ita
2708 3115 3050 3188 excultum

798 3214 1313 3314 perfessumque
1341 3214 1499 3290 mea
1549 3212 1873 3285 sententia
1899 3265 1923 3297 ,
1977 3235 2051 3281 ut
2086 3210 2177 3281 ad
2214 3212 2344 3280 hoc
2403 3233 2886 3307 argumentum
2936 3218 3054 3286 vix

801 3316 1176 3410 quicquam
1228 3309 1593 3384 desiderari
1644 3306 1827 3410 posse
1858 3309 2150 3407 amplius
2185 3307 2548 3384 vide-atum
2609 3307 2723 3379 sed
2774 3335 2931 3383 cum
2969 3314 3082 3385 ea·

764 3427 771 3432 “
799 3413 954 3484 sane
982 3466 1006 3501 ,
1028 3408 1554 3482 Clementiffime
1592 3408 1912 3506 Princeps
1936 3461 1961 3496 ,
1991 3404 2081 3482 de
2112 3408 2229 3479 tua
2253 3408 2706 3495 humanitate,
2736 3407 2997 3481 fiducia
3023 3465 3049 3500 ,

803 3538 878 3584 ut
924 3512 1253 3610 quoniam
1298 3507 1603 3606 benigna
1644 3509 1764 3576 illa
1809 3507 2277 3579 exhortatione
2310 3509 2373 3576 ei
2427 3506 2639 3577 veluti
2691 3513 3049 3597 materiam

629 3652 645 3686 ι
805 3634 1013 3704 atque
1038 3610 1257 3682 semen
1284 3663 1308 3695 ,
1334 3611 1477 3681 imo
1507 3611 1661 3680 vitae
1690 3605 2037 3701 sensusque
2066 3607 2476 3704 principium
2503 3609 2573 3678 &
2602 3607 3049 3681 entelechiam

803 3705 1165 3803 simulque·
1192 3709 1471 3781 salutem
1488 3760 1512 3794 ‚
1546 3712 1615 3781 ὅ(
1661 3707 1730 3774 in
1764 3730 1961 3805 partu
1989 3728 2190 3804 opem
2241 3703 2559 3777 divorum
2589 3702 2863 3790 Liberi,
2922 3708 3051 3781 Vi·-

807 3808 1029 3878 tumni
1061 3803 1357 3892 ,Sentini
1384 3861 1409 3896 ,
1462 3805 1772 3897 Diejovis
1829 3809 1899 3876 &
1930 3802 2125 3874 Nixii
2149 3805 2295 3876 vice
2350 3803 2666 3876 haitenus
2707 3802 3046 3897 tribuisti,

805 3899 1233 3996 eduxistique
1261 3906 1331 3974 in
1382 3910 1601 3978 lucem
1628 3957 1651 3992 ,
1700 3902 1995 3975 eundem
2022 3900 2226 4002 porro
2252 3903 2434 3999 grati
2482 3902 2694 3974 veluti
2741 3901 3051 3977 obstetri-

808 4027 997 4076 catus
1042 4000 1271 4072 officia
1313 4002 1660 4073 conferens
1718 4001 2028 4100 suscipias
2059 4054 2082 4088 ,
2132 4001 2363 4073 foveas
2412 4024 2745 4094 tanquam
2821 4001 3052 4102 Opis,

812 4108 882 4190 δι
929 4100 1260 4196 Levana,
1313 4098 1407 4183 ad
1466 4095 1815 4199 publicam
1860 4100 2224 4181 utilitatem
2271 4100 2411 4173 alas
2455 4104 2526 4175 &
2572 4096 2876 4173 instituas
2924 4128 3055 4177 ceu

2599 4209 2622 4236 ⁸
2860 4195 3050 4284 bona
