3593 5087
813 465 886 544 'A
984 453 1657 542 coLLuvrss
1754 422 2264 530 sERo'sA':
2566 455 2666 548 '95

419 583 543 662 bus
563 578 1184 658 inflammationem
1201 584 1310 656 seu
1337 585 1635 655 calorem
1650 605 1884 684 praeter
1911 604 2225 652 naturam
2252 574 2668 676 concepisse,
2739 616 2897 674 Qum.
2926 620 3028 668 sm,

422 711 627 782 atque
684 684 769 756 ab
823 712 904 756 eo
944 683 1367 756 inflammato
1405 681 1658 754 febrem
1703 682 2060 752 tertianam
2099 703 2404 751 exortam
2428 677 2665 767 brevi,
2706 678 2907 778 {⁰322}
2939 681 3029 782 2⁸5ss
3097 751 3102 754 ,

420 785 586 868 cum
632 780 1381 880 sanguisinflammatus
1409 781 1637 852 statim
1677 780 1990 851 bilescere
2013 779 2262 852 soleat?
2603 840 2613 851 .
2705 789 3026 858 '‘stomun-

518 883 712 954 Nam
736 882 984 954 febrem
1009 885 1076 953 in
1104 882 1431 979 sanguine
1456 877 1887 950 inflammato
1915 873 2153 948 haefiffe
2181 901 2668 981 argumentum
2705 860 2754 939 ‘f
2777 863 2945 906 ‘’⁸⁸⁰¹‘'

418 981 517 1053 est
544 982 729 1076 quod
758 980 1103 1079 sanguinis
1124 977 1334 1051 mass'a
1362 979 1606 1052 ardore
1622 977 1823 1050 febris
1844 977 2013 1077 pene
2042 974 2361 1048 exsiccata
2386 977 2666 1047 exhaus-

413 1105 625 1174 taque
679 1078 810 1166 est,
841 1105 914 1152 ut
961 1076 1269 1151 dissectio
1312 1079 1660 1153 cadaveris
1691 1077 1931 1149 docuit
1961 1128 1983 1162 ,
2035 1080 2179 1149 ciem
2224 1082 2295 1147 in
2339 1077 2506 1163 vtfis
2538 1080 2663 1152 vix

415 1183 593 1249 libra
619 1181 984 1270 sauguinis
1013 1179 1312 1273 restitisti-t
1345 1188 1416 1248 in
1444 1182 1785 1248 demortuo.

513 1277 652 1348 Cui
688 1282 898 1348 etiam
936 1280 1186 1347 mirum
1220 1276 1568 1349 videbitur
1592 1276 1842 1349 eodem
1869 1297 2176 1371 tempore
2221 1298 2423 1343 coma
2449 1326 2471 1359 ,
2516 1299 2666 1371 per-

409 1377 594 1475 vigil
656 1376 856 1447 febris
924 1374 1320 1474 episemasiae
1366 1374 1592 1444 statim
1646 1373 1709 1446 se
1772 1369 2214 1460 adjunxisse?
2274 1397 2467 1442 coma
2501 1424 2524 1458 ‚
2564 1374 2667 1442 in-

406 1500 634 1570 quam
663 1526 684 1559 ,
742 1472 871 1548 five
907 1474 1099 1569 quod
1149 1474 1185 1543 ὲ
1241 1474 1570 1572 sanguine
1618 1474 1690 1542 in
1734 1475 1959 1571 capite
2006 1475 2256 1569 pariter
2301 1496 2377 1542 ut
2420 1472 2488 1541 in
2521 1494 2667 1541 toto
2759 1497 2966 1568 βρωμή-

412 1572 790 1644 ebulliente
839 1599 1090 1672 vapore
1117 1574 1413 1670 plurimo
1469 1573 1646 1643 elato
1666 1625 1692 1660 ,
1729 1597 1849 1642 aut
1890 1571 2032 1640 sero
2066 1575 2136 1643 in
2181 1568 2325 1669 ipso
2370 1566 2666 1669 expreffo
2706 1559 2941 1662 {ffissssfm

400 1668 583 1744 finus
627 1670 877 1742 cerebri
927 1675 1469 1770 complerentur,
1516 1696 1597 1740 ac
1654 1693 2040 1741 commeatu
2089 1675 2441 1769 reciproco
2481 1672 2674 1768 spiri-

408 1793 563 1841 tum
595 1770 1100 1848 interdicerent;
1140 1770 1268 1846 sive
1293 1768 1485 1867 quod
1519 1768 1673 1843 vasa
1712 1771 1856 1868 ipsa
1886 1770 2212 1865 sanguine
2265 1768 2672 1842 fervescente

407 1869 638 1966 magis
667 1869 959 1942 distenta
1008 1874 1222 1966 quam
1262 1870 1419 1941 ante
1470 1866 1887 1966 obstiparent
1936 1867 2213 1938 eosdem
2263 1864 2433 1938 finus
2461 1896 2481 1944 ;
2537 1864 2671 1943 sive

409 1965 619 2062 quod·
645 1992 823 2061 aqua
876 1971 948 2038 in
981 1973 1205 2067 capite
1244 1971 1410 2064 aegri
1455 1963 1720 2036 seorfim
1760 1967 1802 2035 ὲ.
1847 1963 2174 2058 sanguine
2209 1969 2347 2051 jam
2371 1989 2525 2035 ante
2553 1966 2671 2038 de·

406 2065 717 2135 litescens
767 2089 918 2135 tum
957 2065 1218 2139 fervore
1256 2089 1587 2162 concepto
1644 2067 1927 2134 irrueret
1974 2066 2047 2132 in
2081 2062 2489 2133 ventriculos
2522 2060 2672 2132 obs-

415 2186 800 2258 trueretque
836 2219 857 2250 ,
910 2161 1041 2236 five
1092 2167 1316 2264 potius
1382 2167 1549 2258 quia
1593 2160 1815 2231 serum
1872 2161 2030 2230 cum
2085 2159 2418 2257 sanguine
2480 2157 2672 2230 ebul-

410 2262 582 2332 liens
635 2262 705 2330 in
740 2261 891 2359 ipsis
942 2262 1259 2334 vasorum
1298 2259 1631 2358 stipitibus
1666 2257 1925 2327 sursum
1966 2259 2319 2329 concitato·
2358 2257 2669 2354 quodam

408 2383 617 2458 raptu
649 2360 741 2427 im
796 2384 1007 2430 eteret
1032 2359 1428 2434 cerebrum
1456 2357 1587 2431 five
1611 2355 1915 2451 denique
1946 2382 2161 2456 vapor
2199 2354 2543 2426 duntaxat
2581 2357 2665 2426 is-

409 2483 551 2553 que
597 2385 846 2527 cralfiis
902 2457 1228 2529 humidus
1258 2458 1591 2558 plurimus
1630 2454 1670 2525 ὲ
1702 2452 2037 2554 sanguine
2070 2457 2347 2526 in·toto
2395 2456 2662 2527 confer-

407 2560 536 2627 tim
569 2555 925 2629 effumaret
955 2559 1025 2626 in
1073 2581 1283 2658 caput
1324 2589 1338 2628 ε
1392 2581 1494 2628 tot
1532 2557 1722 2627 enim
1765 2554 1923 2625 sane
1948 2553 2175 2628 modis
2209 2553 2400 2626 haud
2444 2554 2658 2631 dubit:

409 2680 615 2754 caput
646 2656 901 2752 aquoso
944 2655 1231 2728 humore
1267 2658 1336 2726 in
1373 2655 1729 2756 principiis
1774 2651 2074 2725 febrium
2107 2708 2130 2741 ,
2174 2655 2281 2724 vel
2319 2655 2501 2726 certe
2537 2684 2657 2728 va·-

408 2756 575 2851 pore
608 2752 1067 2849 aqueoaefimul
1097 2780 1177 2825 ac
1210 2756 1413 2826 semel
1458 2753 1792 2851 compleri
1843 2752 2104 2853 potest,
2138 2753 2260 2846 qui
2285 2777 2516 2824 tamen
2540 2781 2658 2826 va·-

404 2869 530 2953 por
557 2849 926 2922 necessario
951 2878 1221 2950 oportet
1268 2855 1340 2922 in
1371 2853 1591 2950 capite
1619 2851 1981 2945 aquescat,
2026 2875 2102 2922 ut
2157 2850 2489 2946 superiore
2532 2850 2658 2922 ob-

405 2952 785 3022 servatione
838 2949 1249 3020 docuimus.-
1285 2948 1401 3019 sed
1456 2950 2001 3047 pervigil‘coma
2035 3003 2057 3037 ,
2119 2947 2366 3017 scilicet
2420 2952 2458 3021 a
2501 2948 2656 3021 bilis
2761 2958 2762 2961 ’

410 3048 649 3117 ichore
698 3047 837 3115 sero
872 3048 1088 3116 mixto
1114 3099 1137 3132 ,
1190 3071 1309 3117 aut
1335 3044 1741 3143 fuliginibus
1768 3044 1805 3117 ὲ
1836 3047 2169 3147 sanguine
2221 3044 2466 3118 adusto
2503 3075 2656 3149 per-

414 3143 647 3215 mixtis
679 3142 821 3214 sero
855 3142 1092 3242 sopore
1120 3142 1506 3215 identidem
1541 3146 1939 3242 interrupto.

502 3241 685 3330 Quae
714 3244 875 3313 cum
907 3245 1003 3313 ita
1058 3240 1182 3313 fint
1206 3297 1228 3330 ,
1286 3242 1473 3313 hunc
1501 3240 1848 3328 ‚affectum
1888 3247 2158 3318 varium
2185 3251 2254 3320 ὃς
2279 3246 2653 3320 terrificum
2720 3276 3009 3335 mentes..

400 3348 547 3413 ‘non
573 3338 822 3413 {emere
863 3341 970 3414 vel
1013 3342 1452 3441 apoplexiam
1481 3339 1595 3411 sed
1631 3342 1897 3430 levem,
1949 3344 2055 3415 vel
2095 3349 2651 3445 parapoplexiam
2690 3337 3006 3455 ξζῗμέζηζζο

405 3437 458 3510 fi
492 3440 714 3538 potior
745 3441 917 3511 ratio
948 3440 1280 3512 habeatur
1300 3440 1833 3540 symptomatum
1855 3439 2024 3514 febri
2043 3444 2528 3534 adjunctorum
2555 3442 2646 3514 ad
2690 3454 2758 3498 τί·
2797 3429 3004 3524 yonam}

403 3560 615 3636 caput
639 3540 1119 3627 attinentium,
1170 3541 1383 3635 quam
1424 3537 1628 3613 febris
1658 3570 1679 3618 3
1725 3541 1833 3612 vel
1864 3542 2045 3615 certe
2067 3546 2474 3617 continuam
2510 3565 2645 3612 ter·
2687 3526 2891 3561 nom

401 3638 672 3708 'tianam
701 3661 990 3733 eamque
1013 3663 1277 3709 comate
1296 3642 1482 3739 pervi
1538 3642 1616 3711 ili
1637 3638 1959 3739 stipatam
1982 3644 2330 3745 appellare
2355 3642 2560 3729 licet,
2595 3638 2642 3713 fi

404 3736 641 3809 contra
669 3733 869 3806 febris
895 3738 1123 3833 potior
1152 3737 1448 3826 judicari
1472 3665 1692 3813 ἔειπε.
1712 3744 1987 3814 Etenim
2008 3767 2083 3812 ut
2109 3740 2434 3811 delirium
2448 3739 2640 3814 aliud
2737 3772 2971 3822 nentin-

404 3834 1043 3933 perpetuum,aliud
1058 3838 1531 3929 intermittens,
1550 3841 1742 3938 quod
1763 3840 2001 3912 lucida
2024 3838 2227 3907 habet
2244 3836 2641 3918 intervalla;
2679 3827 2843 3890 *Μὴ*
2866 3849 2883 3879 ³

404 3934 503 4002 ita
534 3939 603 4006 δε
625 3935 985 4033 apoplexia
1012 3937 1148 4006 alia
1185 3963 1557 4038 perpetua,
1603 3941 1742 4010 alia
1770 3936 2224 4012 intermittens
2240 3931 2367 4008 effe
2385 3939 2638 4037 potest,
2737 3965 2986 4026 Αροριιιιι

400 4055 559 4207 ἒυεε
574 4034 908 4131 praecrpue
934 4034 1012 4108 fit
1048 4062 1130 4108 ex
1176 4038 1465 4111 materia
1512 4062 1651 4109 non
1688 4038 1762 4106 in
1792 4016 2067 4109 cerebio
2091 4033 2248 4108 ante
2266 4038 2588 4140 congesta
2613 4093 2638 4129 ‚
2681 4020 2964 4135 ξῖἔξῗῷς..

469 4129 517 4206 d
542 4132 707 4205 illuc
721 4132 985 4215 affatim
1005 4135 1286 4214 aliunde
1308 4132 1631 4220 transsata
1642 4186 1675 4231 ,
1702 4159 1775 4212 ut
1790 4137 1863 4209 in
1873 4143 2184 4237 puerperi
2198 4138 2388 4232 cujus
2404 4143 2636 4219 mencio
