3593 5087
925 392 1089 493 *37⁸4
1213 386 1607 470 MORBI
1685 394 2186 478 VENTRIS
2255 397 2964 484 INFERIORIS

930 524 1343 622 pochondrii
1374 535 1510 605 una
1531 535 1690 605 cum
1712 525 2040 626 singular-i
2058 523 2420 624 prudentia
2436 531 2504 598 δε
2522 527 2921 623 οκγεὴγωίὂ,
2938 533 3010 603 in
3036 531 3189 610 Rbe-

929 625 1103 695 Viro
1144 621 1481 704 insinuant
1536 629 1886 705 evidenter
1955 624 2302 723 sanguinis
2370 623 2753 698 atrabilaris
2866 631 3183 708 raedomi-

929 725 1125 796 nium
1152 778 1175 812 ,
1231 733 1300 801 &
1341 730 1530 803 lienis
1558 726 1897 803 fervidam
1926 725 2394 823 intemperiem
2417 778 2438 811 ‚
2460 750 2612 820 quae
2638 656 3025 803 serosfalias
3053 736 3183 808 hu·

928 827 1140 895 moris
1188 826 1258 896 in
1308 851 1457 902 toto
1511 826 2003 911 redundantis,
2065 831 2135 899 &
2189 826 2486 897 maxime
2538 827 2718 897 circa
2775 830 3180 926 praedi&um

926 922 1142 994 viscus
1176 928 1336 998 cum
1370 929 1584 1002 causae
1616 984 1639 1020 ‚
1706 951 1856 998 tum
1902 923 2161 996 indices
2189 922 2340 996 sunt
2364 928 2559 996 omni
2587 930 2982 1025 exceptione
3037 958 3186 1006 ma-

923 1024 1121 1110 jores.
1170 1023 1485 1104 Profeetb
1531 1056 1671 1102 non
1713 1026 1935 1098 solum
1987 1026 2121 1095 Vir
2171 1025 2581 1098 Reverendus
2635 1028 2944 1101 nativam
2992 1031 3183 1108 illam

912 1121 1162 1221 splenis
1201 1126 1753 1201 constitutionem
1813 1148 1950 1225 prae
2005 1121 2069 1195 se
2121 1122 2297 1210 fert,
2367 1124 2484 1197 sed
2533 1121 2791 1198 nobiles
2830 1124 3033 1227 ipsius
3060 1158 3184 1230 pa-

915 1247 1134 1295 rentes
1181 1227 1629 1326 universaque
1683 1227 1946 1298 familia
1989 1224 2085 1294 ita
2128 1223 2479 1297 manifeste
2504 1276 2525 1308 ,
2582 1248 2659 1295 ut
2691 1251 2771 1297 ex
2805 1231 3013 1300 cacia
3047 1233 3181 1304 huc

917 1321 1248 1423 appulisse
1303 1330 1545 1400 merito
1586 1354 1667 1400 ex
1709 1325 1906 1398 vultu
1933 1322 2119 1396 fusco
2147 1329 2218 1397 δε
2245 1324 2747 1396 melancholico
2786 1327 2941 1420 quis
2973 1327 3181 1431 suspi-

920 1425 1063 1494 cari
1112 1424 1348 1523 possit;
1411 1432 1482 1496 in
1552 1445 1684 1524 qud
1710 1424 1972 1513 stilicet
2031 1426 2232 1498 Caria
2256 1475 2279 1509 ,
2331 1431 2408 1494 ob
2458 1431 2686 1498 vultus
2723 1432 3047 1519 pallorem
3108 1432 3179 1502 in

891 1524 1161 1594 'incolis
1185 1572 1213 1605 ,
1271 1529 1540 1623 quidam·
1598 1524 2009 1625 cytharoedus
2030 1521 2262 1623 festive
2319 1525 2522 1595 dicere
2539 1528 2798 1618 solebat
2821 1576 2845 1612 ,
2889 1553 3181 1604 mortuos

917 1630 1268 1696 ambulare.

636 1745 898 1810 proponi·
1026 1722 1212 1796 Bene
1258 1747 1489 1798 autem
1517 1721 1721 1797 habet
1768 1720 1964 1820 quod
1999 1747 2181 1818 aqua
2212 1721 2333 1794 illa
2376 1720 2414 1794 ὲ
2441 1721 2619 1795 liene
2643 1724 2715 1793 in
2742 1722 2889 1796 dies
2929 1752 3013 1798 ac
3037 1727 3183 1804 dies

568 1813 691 1856 ω’·
921 1822 1280 1895 exundans
1331 1824 1734 1921 neutiquam
1810 1820 2133 1893 haftenus
2196 1821 2596 1894 diuturnam
2676 1823 2747 1894 in
2804 1822 3180 1903 abdomine

919 1947 1191 1996 moram
1217 1926 1495 1997 traxerit
1520 1977 1543 2011 ,
1597 1923 1714 1995 sed
1742 1920 1861 1994 fibi
1885 1924 2069 1995 viam
2102 1919 2334 1993 fecerit
2359 1923 2430 1994 in
2466 1923 2759 1996 scrotum
2793 1954 2808 1994 ε
2868 1927 2967 1998 ita
2997 1931 3179 2002 enim

919 2021 1127 2096 evafit
1169 2024 1440 2096 ascitem
1470 2076 1491 2111 ‚
1544 2025 1667 2120 qui
1698 2020 1996 2095 extine’to
2031 2018 2221 2094 brevi
2247 2021 2475 2092 calore
2500 2022 2832 2096 viscerum
2868 2029 3183 2101 omnium

921 2124 1159 2196 nativo
1208 2148 1461 2223 paucos
1494 2124 1670 2193 intra
1712 2145 1925 2193 annos
1960 2121 2341 2201 immaturae
2369 2124 2574 2192 morti
2618 2122 2817 2193 illum
2864 2124 3180 2198 tradidis-

920 2220 1034 2294 set.
1083 2223 1271 2296 Nam
1335 2226 1493 2295 cum
1543 2248 1704 2294 eum
1761 2222 1920 2295 vitae
1968 2219 2227 2294 statum.
2265 2218 2504 2292 divina
2565 2222 3003 2319 providentia
3058 2223 3177 2301 sibi

913 2323 1208 2422 elegerit
1236 2377 1261 2411 ,
1314 2337 1468 2419 quae
1511 2320 2039 2395 foecunditatem
2097 2318 2559 2391 testiculorum
2609 2345 2750 2391 non
2797 2321 3180 2415 defideret,

922 2424 1208 2516 aequiori
1236 2428 1469 2495 animo
1507 2421 1677 2493 ferre
1701 2418 1942 2494 debuit
1981 2445 2139 2492 eum
2175 2416 2491 2490 morbum
2538 2420 2659 2514 qui
2710 2421 2867 2494 vitae
2893 2425 3179 2520 quidem

920 2519 1441 2595 diuturnitatem
1506 2519 1931 2619 promitteret
1976 2605 1984 2609 Α
2004 2571 2034 2607 ,
2136 2515 2255 2591 etsi
2340 2520 2657 2595 virilitate
2744 2522 3179 2624 aliquatenus

926 2643 1218 2691 exueret.
1435 2647 1452 2654 ·

948 2776 952 2780 .
1018 2718 1129 2791 De
1158 2715 1474 2793 remediis
1499 2739 1729 2790 autem
1753 2716 1957 2806 hujus
1991 2719 2279 2789 tumoris
2331 2743 2471 2789 non
2522 2715 2617 2791 est
2649 2715 2903 2793 necesse
2947 2722 3177 2799 dicere

698 2902 710 2916 ·
875 2860 880 2865 -
916 2819 1076 2891 cum
1121 2817 1921 2894 tutiffim0&celerrimo
1963 2819 2103 2906 jam
2156 2817 2293 2917 ipse
2340 2812 2739 2906 assueverit,
2786 2826 2857 2894 &
2900 2824 3178 2898 consue·

551 2901 770 2961 ‘³¹²‘⁸‘'⁰·
803 2916 881 2965 μ’
915 2919 1090 2992 tudo
1137 2919 1313 2993 illud
1360 2945 1499 2989 non
1544 2915 1748 2992 valde
1798 2914 2165 2988 molestum
2224 2919 2429 2988 etiam
2466 2916 2889 2997 reddiderit;
2917 2921 3176 3011 scilicet

555 2964 697 3012 scroti
754 2978 880 3031 apef-

551 3024 883 3068 ‘³⁰¹²‘¹”““²⁰
918 3022 1237 3113 apertioni
1257 3018 1469 3111 feroti
1498 3016 1826 3112 scalpello
1865 3014 2061 3108 fae‘t‘oe
2097 3063 2123 3096 ,
2179 3013 2254 3087 όν
2304 3018 2490 3087 tertio
2526 3043 2771 3114 quoque
2818 3018 3024 3111 mense
3066 3044 3177 3094 aut

544 3093 880 3195 2⁶⁰202¹¹eii=¹¹2¹2ff
915 3123 1106 3190 etiam
1128 3121 1326 3189 citiics
1351 3117 1612 3211 repetita
1639 3145 1664 3185 .·
1706 3141 1870 3187 nam
1906 3113 2096 3188 taedii
2128 3113 2527 3213 fastidiique
2549 3117 2812 3215 plenior
2840 3120 2982 3189 vita
3014 3118 3181 3194 esset

914 3243 1069 3317 quae
1095 3219 1170 3289 in·
1193 3215 1687 3291 commutanda
1711 3216 1819 3289 vel
1846 3218 2056 3287 etiam
2081 3213 2171 3286 ad
2198 3213 2748 3288 mediocritatem
2776 3214 3177 3296 reducenda

913 3318 1248 3393 habituali
1278 3316 1543 3389 visceris
1572 3317 1971 3416 intemperie
1996 3367 2017 3400 ,
2069 3314 2178 3386 vel
2210 3316 2278 3385 in
2312 3311 2579 3413 parcius
2602 3312 3178 3399 subministranda

911 3419 1044 3495 five
1078 3414 1441 3491 resecanda
1476 3417 1774 3497 materiae
1804 3413 2033 3489 serosae
2072 3413 2389 3487 colluviei
2412 3413 2651 3486 fomite
2681 3413 3058 3499 versaretur
3106 3424 3182 3497 δι

832 3596 844 3610 ‚
917 3519 1280 3594 laboraret.

588 3596 900 3669 v³“⁰¹‘⁸‘¹⁰-
1011 3620 1170 3692 Hoc
1217 3641 1433 3689 unum
1473 3635 1745 3685 tantum
1804 3635 2082 3682 monere
2132 3612 2573 3685 Reverendum
2625 3613 2871 3683 Virum
2916 3614 3179 3714 cupio,

553 3659 725 3719 qum.
911 3718 1120 3794 vibius
1146 3720 1505 3803 rationem,
1552 3709 1673 3784 fibi
1702 3736 1857 3783 eam
1890 3707 2214 3809 deinceps
2268 3709 2761 3803 instituendam
2794 3765 2819 3800 ,
2873 3736 3027 3807 quae
3072 3713 3179 3785 ad

889 3815 1336 3909 frigiditatem
1373 3840 1522 3887 cum
1544 3799 1843 3902 stccitaee
1891 3808 2173 3879 inclinet
2204 3860 2228 3896 ,
2283 3834 2361 3882 ut
2394 3817 2473 3884 δε
2512 3810 2780 3885 visceris
2822 3808 3178 3910 phlogosis

906 3917 1349 4013 reprimatur,
1379 3920 1450 3988 &
1471 3909 1753 3985 minime
1773 3907 1847 3979 id
1882 3910 1952 3978 in
1987 3905 2328 4007 posterum
2359 3910 2549 3980 tanta
2585 3933 2785 4005 aquae
2809 3908 3003 4008 copia
3023 3930 3179 3978 tur-

904 4036 1071 4109 geat
1093 4043 1108 4083 :
1132 4039 1294 4104 nam
1316 4015 1481 4103 alias
1523 4015 1656 4089 Vir
1671 4011 1967 4128 prudens
1996 4006 2263 4089 medice
2290 4032 2889 4111 congruenterque
2919 4029 3193 4107 natum

902 4132 1096 4201 fflvits
