3593 5087
750 444 824 522 'A
924 419 1616 523 connivit}
1721 434 2232 516 sanosA.
2495 443 2640 535 ¹33

409 569 847 647 contrahente
875 575 1214 666 incursare
1234 627 1269 663 ,
1302 571 1628 668 quorsum
1668 570 1913 644 semine
1946 567 2272 641 deleteria
2318 566 2661 666 maligna-

411 673 955 772 que-imputatur
986 674 1281 766 qualitas
1301 695 1454 765 quae
1481 670 1725 742 horum
1744 669 2105 740 affeetuum
2132 663 2332 737 causa
2355 690 2492 736 non
2520 664 2611 735 est
2628 672 2661 740 ?

512 767 597 839 Et
643 771 808 843 vero
856 769 902 840 fi
948 770 1209 840 seminis
1263 767 1699 852 substantiam
1745 773 1815 841 ὃς
1846 767 2170 865 hyparxin
2199 762 2449 836 attente
2491 788 2658 834 con-
2691 751 3014 869 (οξζξξὶῗξξξ
3105 801 3116 817 <

410 861 783 938 fideremus
804 921 827 954 ‚
860 864 1214 966 propensio
1244 857 1397 937 Eine
1428 867 1545 937 illa
1580 869 1647 936 in
1667 865 2040 940 veneficam
2065 888 2380 936 naturam
2424 862 2657 934 semini
2691 868 3019 975 2Mffi222212

413 962 750 1061 imputata
806 968 1121 1039 vanitatis
1172 965 1544 1063 suspicione
1599 990 1736 1037 non
1781 963 2077 1036 carebit:
2137 961 2308 1057 quid
2353 963 2535 1032 enim
2560 961 2655 1033 est
2693 982 2927 1043 hypatum

410 1058 635 1131 semen
668 1062 780 1133 nifi
836 1065 1177 1161 sanguinis
1225 1063 1522 1134 miscella
1565 1062 1916 1159 utriusque
1951 1062 2165 1132 tenuis
2204 1068 2274 1132 δε
2318 1059 2504 1131 crassl
2557 1064 2661 1131 in-

354 1216 363 1224 ,
406 1159 631 1230 vicem
658 1159 1178 1250 coalescentium
1212 1163 1533 1233 ulteriore
1590 1163 1867 1234 exco&a
1929 1157 2434 1245 elaboratione,
2477 1158 2665 1230 deal-

409 1251 709 1355 bataque
741 1314 761 1346 ,
818 1268 886 1332 &
919 1262 1249 1330 lentorem
1285 1259 1416 1331 sive
1458 1259 1926 1357 perfeRiorem
1965 1256 2345 1328 substantiae
2376 1257 2684 1341 modum„

404 1350 855 1428 delineationi
879 1356 1341 1428 membrorum
1362 1356 1916 1454 spermaticorum
1949 1381 2057 1426 ma
2119 1356 2170 1423 is
2188 1356 2668 1425 accommoda·

406 1475 565 1522 tum
593 1455 841 1553 adepta
870 1461 899 1528 ?
950 1458 989 1525 a
1019 1455 1157 1551 qua
1196 1454 1497 1525 miscella
1529 1452 1570 1523 fi
1603 1455 1965 1556 spiritalem
1995 1452 2065 1523 su
2117 1451 2430 1523 stantiam
2460 1451 2670 1523 secer-

373 1567 701 1628 'namu33
757 1578 908 1648 quae
951 1555 1204 1627 venetii
1256 1548 1638 1651 congreffus
1695 1578 2000 1651 tempore
2034 1551 2071 1622 ὲ
2113 1553 2459 1651 principiis
2514 1556 2670 1625 vitae

403 1646 754 1720 liberalius
796 1649 1083 1723 influens
1147 1652 1209 1722 ei
1261 1650 1391 1723 sese
1445 1652 1711 1750 penitiis
1738 1650 2065 1723 immiscet
2100 1702 2125 1738 ,
2179 1648 2669 1748 subigitque&

403 1746 480 1816 in
534 1748 845 1847 spumam
910 1751 1161 1821 attollit
1192 1801 1212 1833 ,
1265 1754 1430 1821 unde
1476 1752 1707 1821 Venus
1738 1749 2022 1843 e'spumd
2069 1753 2273 1818 maris
2304 1752 2586 1820 oriunda
2624 1751 2669 1821 ἀ

401 1845 648 1918 Ροέ’τι’.ς
661 1849 1014 1941 perhibetur
1035 1846 1078 1938 (
1102 1849 1243 1917 alio
1260 1872 1558 1942 namque
1606 1872 1916 1946 ternpore
1959 1870 2103 1940 quo
2129 1847 2354 1916 anima
2379 1872 2669 1945 genera-

402 1942 677 2016 tionem
713 1947 993 2017 minime
1034 1945 1328 2016 intendit
1354 1997 1377 2031 ,
1434 1945 1622 2016 haud
1647 1947 1744 2013 ita
1785 1942 2047 2014 affatim
2069 1942 2331 2037 spiritus
2361 1946 2450 2015 ad
2473 1949 2667 2040 geni-

403 2043 581 2114 tales
611 2068 832 2142 partes
862 2045 1214 2114 incurrunt
1243 2044 1285 2134 >
1317 2038 1841 2113 craffamentum
1874 2042 2054 2111 certe
2102 2043 2171 2109 in
2227 2039 2470 2112 semine
2513 2044 2670 2111 reli-

401 2164 637 2234 quum
670 2143 785 2213 sua
811 2142 1054 2212 natura
1073 2165 1414 2212 terrenum
1432 2165 1736 2236 aqueum
1762 2163 1842 2208 ex
1861 2137 2316 2237 praedominio
2333 2148 2453 2207 ex·
2481 2139 2675 2232 Anf-

401 2244 631 2308 tutelis
670 2239 983 2311 doctrin&⁴
1011 2262 1087 2310 ut
1120 2262 1356 2309 caetera
1384 2261 1672 2335 corpora
1701 2259 1891 2307 terrae
1926 2242 1996 2310 δ(
2019 2259 2217 2330 aquae
2236 2238 2626 2307 communia
2645 2289 2672 2325 ,

403 2338 659 2430 qualia
718 2336 989 2433 sanguis
1047 2341 1118 2409 δε
1179 2336 1325 2421 lac,
1368 2336 1406 2406 'a
1455 2337 1683 2406 calore
1713 2331 2069 2405 ambientis
2098 2335 2481 2406 vehementi
2516 2338 2671 2431 qui-

322 2445 325 2448 ’
401 2434 583 2505 dem
615 2436 717 2506 uri
737 2488 759 2522 ‚
787 2438 825 2505 'a
858 2433 1185 2506 mediocri
1212 2457 1440 2504 autem
1468 2429 1780 2505 exsiccari
1807 2435 2028 2531 magis
2058 2454 2302 2502 natum
2336 2431 2433 2503 est
2457 2436 2667 2531 quam

405 2527 731 2606 diffluere
761 2587 783 2621 ‚
831 2539 898 2606 ὅ(
931 2534 1002 2604 in
1031 2531 1265 2604 tabum
1293 2529 1647 2631 putridum
1672 2530 2153 2628 colliqueseete
2168 2585 2194 2618 ,
2237 2531 2437 2626 equod
2465 2560 2668 2635 expe-

403 2633 656 2704 rientia
679 2632 1084 2703 confirmare
1108 2631 1375 2703 videtur
1407 2685 1430 2720 ,
1478 2628 1819 2728 -fiquidem
1859 2630 2141 2701 minime
2177 2632 2217 2701 a
2240 2654 2523 2730 corpore
2546 2655 2664 2706 ex-

407 2753 601 2801 creto
628 2731 754 2801 luti
785 2755 904 2801 aut
927 2731 1138 2824 amyli
1184 2728 1385 2800 instar
1412 2728 1880 2802 concrescente
1914 2730 2123 2800 lintea
2180 2726 2440 2802 imbuta
2473 2729 2663 2806 brevi

404 2825 744 2901 fei-escunt
769 2882 789 2914 ‚
839 2835 907 2901 δε
937 2831 1269 2899 lutulento
1298 2825 1743 2898 crassamento
1769 2827 2061 2899 sordent.

520 2926 604 2996 Et
649 2927 805 2995 sane
866 2926 1085 2995 semen
1126 2925 1291 3017 quia
1334 2925 1406 2993 in
1461 2949 1741 3019 corpore
1781 2950 2121 2998 retentum
2164 2921 2203 3001 ὲ
2250 2923 2665 3001 naturalibus
2751 2951 2886 3002 nni·
2921 2957 3019 3013 ιιι.

380 3020 591 3097 'vasis
636 3022 747 3093 seu
798 3020 1296 3120 ‘conceptaculis
1332 3046 1468 3091 non
1500 3025 1685 3092 exilit
1716 3076 1736 3108 ,
1788 3024 1902 3095 sed
1963 3027 2034 3095 in
2065 3025 2143 3093 iis
2167 3020 2467 3097 ‘servatur
2510 3050 2663 3099 tan·
2694 3008 2744 3054 ¹²
2792 3014 3017 3059 '‘m“

419 3140 643 3216 quam
688 3121 1031 3191 thesaurus
1057 3141 1313 3189 naturae
1350 3120 1516 3190 alter
1543 3125 1612 3192 &
1660 3121 1986 3218 sanguine
2033 3120 2177 3220 ipso
2228 3123 2449 3193 carior
2477 3173 2500 3208 ,
2541 3126 2667 3222 qui
2693 3065 3017 3185 32:⁰¹³}oeng

414 3216 802 3317 putrescere
830 3220 899 3289 in
929 3220 1007 3289 iis
1060 3218 1283 3313 magis
1343 3221 1555 3310 quam
1615 3218 1887 3315 sanguis
1914 3221 2107 3319 poffit
2135 3245 2276 3292 non
2312 3220 2512 3294 facile
2561 3178 2961 3305 ''l-tennione.

415 3318 558 3389 deo
588 3370 613 3404 ,
660 3317 1023 3416 praesertim
1055 3320 1213 3387 cum
1237 3315 1543 3387 calidum
1584 3318 1656 3386 in
1712 3341 1794 3388 eo
1833 3324 2136 3391 naturale
2173 3319 2249 3397 fit
2281 3323 2479 3393 altius
2505 3321 2666 3391 infi-

418 3440 576 3486 tum
615 3422 682 3488 &
712 3417 1054 3512 vegetius:
1113 3437 1373 3485 certum
1409 3439 1706 3511 namque
1746 3413 1842 3488 est
1872 3442 2014 3512 quo
2049 3444 2336 3517 quaeque
2378 3444 2667 3516 corpora

413 3514 722 3585 calorem
774 3516 1079 3587 nativum
1120 3510 1474 3585 ambientis
1519 3517 1745 3587 calore
1783 3515 2187 3615 superiosem
2221 3513 2472 3590 habent
2499 3566 2522 3599 ,
2582 3518 2668 3591 eb

416 3612 650 3684 minus
678 3607 809 3682 effe
861 3611 1204 3710 putredini
1264 3611 1554 3709 obnoxia
1582 3667 1607 3701 ‚
1669 3638 1746 3687 ut
1794 3615 2053 3691 constat
2103 3644 2187 3689 ex
2232 3616 2404 3690 vinis
2443 3611 2667 3715 hispa-

412 3712 593 3785 nicis
613 3761 638 3795 ,
677 3713 1001 3779 aromatis
1028 3715 1097 3782 ὅ(
1123 3707 1473 3799 ejusmodi.
1499 3708 1715 3799 Quod
1753 3712 1802 3786 fi
1830 3717 1872 3785 'a
1895 3715 2226 3814 sanguine
2255 3733 2393 3811 prae
2417 3709 2667 3790 semine

415 3809 517 3882 ad
546 3806 978 3907 putredinem
1019 3809 1413 3907 procliviori
1442 3811 1767 3904 hysterica
1821 3811 2272 3907 symptomata
2313 3836 2446 3885 non
2498 3840 2660 3911 pro·

421 3907 576 3980 dire
601 3906 758 3977 ante
796 3904 1064 3979 uberius
1087 3907 1180 3978 est
1209 3908 1747 3984 demonstratum
1774 3962 1798 3995 ,
1850 3932 1971 3978 cut
2002 3909 2240 3984 semini
2262 3909 2502 3987 eadem
2523 3914 2657 4002 ime,

422 4024 735 4104 putemus
768 4004 944 4095 justa
979 4009 1153 4083 ratio
1179 4010 1372 4086 trulla
1415 4011 1690 4114 praetexi
1714 4002 1949 4108 potest.

506 4174 546 4228 ρ
622 4169 681 4237 4.
725 4154 966 4237 Meteon
1062 4240 1065 4243 Ι
