3593 5087
919 413 1067 503 440
1219 404 1611 483 MoRm
1712 389 2263 480 EXTERNJ
2357 398 2886 478 ‘HAsstrus

920 526 1138 611 nerolb
1189 534 1404 602 Puero
1427 578 1451 608 ,
1484 535 1555 598 de
1585 557 1708 625 quo
1760 556 1921 599 mox
1949 584 1971 615 ‚
1998 531 2231 600 verum
2257 534 2459 602 etiam
2487 533 2557 602 in
2595 528 3173 606 intermittendum

922 625 1212 698 febrium
1263 630 1612 728 principiis
1664 654 1737 700 ut
1789 628 1907 699 suo
1959 631 2110 699 loco
2165 627 2428 702 dicetur
2468 630 2758 702 uberius,
3137 704 3149 715 ,

505 769 508 772 2
567 719 906 826 ‘affidffifflffi
1031 725 1139 797 Ac
1174 754 1509 821 quantum
1537 729 1654 799 ‘ad
1689 728 2050 821 hydatides
2082 782 2104 815 ‚
2150 754 2302 823 quae
2337 729 2481 800 sunt
2529 729 2948 827 psoricorum
2992 728 3187 802 affec·-

570 837 849 895 wminem,
934 851 1129 897 tuum
1175 827 1309 897 fere
1382 827 1936 898 anteambulones
1970 883 1992 916 ‚
2043 832 2134 898 ita
2187 828 2469 922 quidem
2512 830 2719 898 sentio
2783 829 2865 896 iis
2917 826 3182 925 sangui-

926 928 1029 996 nis
1075 926 1542 998 ebullitionem
1590 927 1702 998 sed
1749 928 1967 999 levem
2014 934 2082 1000 ὅ(
2126 928 2526 997 adhucnum
2585 927 3026 1022 incipientem
3082 929 3186 997 in·

923 1051 1056 1120 que
1094 1027 1361 1121 magnis
1407 1023 1571 1097 vasis
1614 1027 1979 1098 ferventem
2005 1024 2288 1096 omnino
2314 1029 2658 1123 originem
2693 1027 2860 1097 dare
2894 1077 2917 1110 ,
2946 1028 3017 1094 in
3051 1030 3188 1120 qui

917 1124 1166 1195 scilicet
1193 1150 1328 1220 una
1373 1124 1703 1196 duntaxat
1736 1151 1891 1223 pars
1936 1125 2149 1196 serosa
2194 1125 2541 1220 sanguinis
2591 1121 2995 1196 effervescit:
3028 1151 3188 1196 nam

920 1225 1077 1292 cum
1131 1249 1208 1294 ea
1261 1225 1531 1321 longius
1585 1224 2058 1323 progreditur,
2113 1248 2263 1296 tum
2316 1224 2468 1295 sane
2516 1211 2662 1294 'una
2737 1248 2897 1294 cum
2976 1222 3184 1296 seroffi

921 1347 1111 1420 parte
1157 1323 1346 1392 ichor
1406 1349 1684 1418 quoque
1728 1324 2075 1420 sanguinis
2114 1326 2255 1411 jam
2302 1323 2370 1392 vi
2418 1322 2794 1422 putredinis
2848 1320 3184 1418 separatus

855 1423 860 1428 ’
926 1419 1133 1515 longe
1166 1422 1436 1517 lateque
1469 1421 1826 1495 effervescit
1857 1422 1947 1493 ad
1983 1447 2352 1493 extremam
2381 1424 2591 1517 usque
2621 1444 2851 1492 cutem
2877 1473 2903 1505 ,
2950 1421 3021 1490 in
3048 1424 3189 1516 qua

504 1607 509 1614 ι
926 1519 1278 1589 tubercula
1306 1524 1550 1591 excitat
1595 1524 1921 1615 variaque
1954 1519 2194 1591 scabiei
2241 1545 2493 1618 genera
2536 1547 2660 1618 pro
2710 1518 2978 1590 diverso
3036 1521 3186 1590 san-

567 1614 631 1668 &
688 1636 892 1712 “⁷5²03‘0‘·
925 1619 1152 1717 guinis
1201 1620 1480 1714 ingenio
1530 1619 1931 1691 ebullientis,
1987 1619 2164 1706 Quae
2202 1617 2354 1688 sane
2396 1619 2740 1715 sanguinis
2769 1616 3080 1689 ebullitio
3114 1620 3188 1691 fit

566 1717 833 1764 'mmm‘
922 1718 1027 1792 vel
1081 1743 1197 1814 per
1236 1718 1708 1789 alterationem
1749 1720 1789 1789 a
1829 1726 2164 1817 tepore&
2200 1721 2669 1790 commotione
2703 1713 3064 1788 ambientis
3103 1721 3188 1790 il-

918 1820 1130 1894 latam
1160 1869 1182 1901 ,
1220 1820 1318 1888 uti
1370 1842 1574 1888 verno
1615 1843 1920 1915 tempore
1951 1818 2329 1913 contingit,
2366 1819 2474 1892 vel
2514 1844 2628 1916 per
2658 1815 3003 1913 sanguinis
3036 1844 3187 1889 mo-

919 1942 1067 1990 tum
1112 1916 1471 1988 introrsum
1535 1918 1574 1987 ὲι
1628 1917 1968 1988 contraria
2013 1916 2370 1988 ambientis
2416 1913 2709 2015 impulsu
2757 1913 3190 1987 constitutio-

915 2044 1002 2089 ne
1025 2071 1047 2105 ‚
1098 2015 1226 2085 hoc
1255 2015 1392 2102 est,
1422 2015 1679 2113 frigida
1716 2018 1934 2111 eaque
1982 2013 2108 2089 sive
2143 2012 2358 2088 subita
2405 2025 2474 2089 &
2517 2015 2775 2112 magna
2808 2066 2829 2098 ,
2890 2038 2968 2083 ut
3016 2042 3184 2116 quo·

917 2120 1040 2190 ties
1089 2114 1443 2186 ambientis
1493 2115 1886 2187 constitutio
1915 2115 1951 2186 ὲ
1999 2115 2329 2186 mediocri
2371 2115 2443 2184 in
2490 2112 2847 2184 Borealem
2898 2117 2969 2183 &
3007 2117 3173 2211 geli-

919 2216 1086 2287 dam
1136 2213 1492 2313 derepente
1537 2241 1841 2287 mutatur
1870 2268 1891 2301 ‚
1926 2213 2055 2287 five
2106 2213 2249 2286 levi
2284 2238 2400 2284 aut
2446 2211 2681 2284 senfim
2708 2211 2888 2281 facia
2917 2264 2939 2296 ,
2961 2215 3184 2305 qualis

914 2317 1014 2388 est*
1043 2340 1194 2411 quae
1247 2313 1561 2410 quotidie
1608 2313 1883 2412 singulis
1914 2312 2206 2385 succedit
2256 2313 2541 2410 vesperis
2576 2336 2763 2407 :quo
2798 2310 2951 2400 sane
2992 2310 3066 2381 fit
3111 2338 3184 2385 ut

912 2416 1254 2488 Autumni
1308 2416 1528 2511 primo
1571 2411 1826 2510 frigore
1873 2413 2240 2507 mediaque
2273 2412 2529 2504 ‘hyeme
2594 2411 2709 2481 sed
2752 2416 2823 2481 δε
2876 2435 3178 2504 quocun-

911 2541 1045 2607 que
1098 2537 1399 2607 tempore
1464 2509 1580 2582 sub
1630 2511 1977 2609 vesperam
2048 2510 2291 2583 scabies
2357 2514 2749 2610 importuno
2801 2534 2954 2579 urat
3020 2536 3172 2609 pru-

918 2616 1071 2681 ritu.
3034 2680 3063 2693 „

1010 2708 1256 2780 Praeter
1300 2733 1526 2779 autem
1571 2707 1990 2805 praecipuum
2039 2705 2132 2776 ad
2172 2730 2281 2779 eas
2321 2704 2642 2781 vesiculas
2676 2732 3073 2807 apparatum
3098 2710 3167 2778 in

915 2809 1355 2902 cacochytiia
1407 2804 1762 2880 universali
1802 2808 1911 2877 seu
1943 2809 2282 2879 materiali
2317 2809 2515 2879 causa
2542 2804 2831 2905 politum
2870 2808 3166 2877 cuticulae

919 2905 1207 2982 densitas
1262 2909 1556 2979 maxime
1604 2906 1761 2977 facit
1804 2906 1893 2976 ad
1944 2904 2335 2993 hujusmodi
2367 2931 2747 3002 aqueorum
2810 2904 3182 2977 tuberculo·

923 3035 1076 3081 rum
1120 3010 1628 3102 generationem
1667 3032 1680 3070 :
1720 3032 1879 3075 nam
1923 3032 2040 3103 per
2093 3031 2246 3075 eam
2293 3007 2507 3077 serum
2543 3005 3037 3075 in*cuticulam
3089 3005 3182 3075 us-

563 3107 787 3210 mffiffmm
827 3117 895 3150 ‘¹²'
927 3135 1062 3207 que
1103 3105 1384 3177 effusum
1422 3106 1746 3204 supprimi
1787 3105 1953 3175 solet
1981 3158 2004 3190 ,
2041 3107 2205 3173 unde
2230 3113 2487 3174 nullum
2515 3108 2605 3171 iis
2641 3108 3047 3190 avertendis,
3074 3127 3185 3174 aut

767 3191 780 3207 ⁵
922 3217 1052 3280 cito
1080 3207 1494 3290 discutiendis
1518 3207 1805 3294 facilius
1853 3202 2329 3299 expeditiusque
2379 3206 2759 3287 remedium,
2820 3206 3010 3299 qua'm
3068 3230 3179 3271 ex-

920 3335 1118 3380 trema
1145 3309 1418 3374 membra
1453 3309 1668 3375 calido
1703 3301 1775 3373 t}
1819 3308 2093 3373 immuni
2122 3310 2201 3372 ab
2239 3307 2494 3395 injuria
2526 3306 2865 3371 ambientis
2901 3306 3175 3370 contine-

916 3440 980 3480 re
1040 3416 1181 3476 loco
1233 3432 1290 3475 ν.
1324 3431 1385 3494 g.
1423 3406 1491 3469 in
1550 3404 1694 3472 Icelo
1747 3409 2173 3494 experimento
2221 3404 2433 3496 nostro
2471 3400 2813 3495 frequenti.
2861 3398 2992 3473 Sed
3051 3425 3185 3470 non

918 3508 1012 3578 est
1069 3507 1266 3593 hujus
1310 3496 1595 3570 instituti
1624 3502 1710 3569 de
1742 3503 2195 3598 praecautione
2240 3527 2357 3572 aut
2388 3504 2737 3571 curatione
2770 3499 3183 3597 psoricorum

920 3605 1285 3676 asibeluum
1333 3596 1642 3670 disserere
1681 3630 1693 3667 ι
1736 3626 1874 3669 rem
1929 3624 2152 3667 tamen
2200 3626 2337 3669 non
2394 3599 2865 3697 poenitendam
2913 3599 3170 3669 fecerim

923 3702 968 3772 sl
1025 3730 1160 3773 non
1197 3699 1503 3799 ignobile
1538 3699 2088 3770 exanthematum
2121 3698 2493 3769 serosorum
2550 3699 2937 3796 exemplum
2989 3697 3167 3792 supe-

929 3800 1215 3872 rioribus
1275 3801 1630 3889 subjecero.

566 3921 636 3967 De
677 3911 899 3963 Eumbt·
1030 3899 1221 3969 OBS.
1264 3899 1407 3970 CL.
1441 3894 1754 3983 Generoso
1791 3896 1993 3987 igitur
2046 3899 2260 3969 Puero
2297 3899 2539 3968 Joanm'
2570 3894 2913 3988 Egmundo
2946 3895 3014 3960 de
3053 3891 3179 3962 Ri-

567 3972 900 4081 masmine·
934 3999 1096 4066 nack
1116 4002 1405 4070 Domino
1430 4004 1501 4066 de
1541 4000 1906 4071 Monereux
1938 3998 2006 4062 in
2032 3998 2336 4067 comitatu
2365 3992 2985 4088 Ferreterfisjtnocho
3008 3993 3180 4084 putri.

936 4100 1140 4168 media
1193 4097 1400 4191 hyeme
1464 4093 1734 4194 opprqffi)
1783 4103 1975 4191 efique
2035 4100 2344 4192 gravibus
2377 4097 2631 4192 stipata
2654 4092 3191 4263 symptomaziss,

2923 4213 3119 4287 magn
