3593 5087
711 302 1590 452 PRAEFATIO
1722 367 2349 472 orssnrs
2572 382 2672 472 29

413 498 589 578 tium
609 496 1126 603 intelligidebet
1154 529 1273 576 aut
1298 525 1629 577 venarum
1650 494 2099 595 gastricarum
2120 550 2143 584 ‚
2169 520 2325 594 quae
2345 493 2487 569 adi
2541 496 2686 571 sum
2774 533 2868 594 Qui
2906 532 3036 582 vent·

414 604 877 677 ventriculum
928 605 1219 675 attinent
1277 607 1348 675 &
1401 603 1472 671 in
1521 597 1755 700 primis
1799 593 1964 670 vafis
2002 596 2218 670 brevis
2247 649 2269 684 ,
2311 523 2535 693 quodD
2542 602 2689 688 ejus
2739 593 3033 698 3353.sp

419 702 647 775 fundo
699 703 1148 801 implantatur
1169 754 1194 789 ‚
1247 727 1455 797 quem
1490 701 1560 770 in
1586 692 1888 770 fundum
1917 695 2172 769 cibaria
2232 695 2496 795 ingesta
2545 701 2690 796 pri-

417 800 544 873 mo
568 800 987 874 descendunt
1012 855 1034 887 ‚
1079 826 1197 872 aut
1223 798 1386 873 verb
1416 822 1749 874 venarum
1783 795 2299 868 meseraicarum
2320 848 2344 882 ‚
2371 822 2491 868 aut
2511 799 2687 869 alia-

421 924 580 972 rum
605 924 759 996 quae
798 926 876 971 ex
896 898 1221 971 intestinis
1246 895 1401 1000 ipsis
1424 894 1826 970 immediate
1845 895 2126 990 chylum
2153 896 2479 983 alliciunt.
2509 938 2540 981 y
2832 978 2843 990 ‚
2882 979 2895 991 ·

514 998 742 1094 Atqui
793 997 1098 1099 profecto
1143 997 1355 1070 fames
1392 1023 1532 1069 non
1576 995 1848 1069 sedatur
1903 998 2070 1091 quia
2125 1020 2451 1067 venarum
2480 1023 2685 1070 exuc-
2714 980 2987 1087 „32:222”ss

411 1096 590 1169 tioni
617 1098 1139 1170 meseraicarum
1179 1096 1458 1171 satisfiat
1500 1094 1588 1167 ab
1631 1090 1978 1193 affumptis
2021 1095 2253 1167 statim
2289 1096 2629 1170 alimentis
2658 1151 2687 1186 ,
2717 1100 2811 1148 0⁸2¹
2842 1096 2862 1147 ³

413 1198 721 1296 primum
767 1198 933 1294 quia
977 1221 1164 1271 venae
1204 1197 1583 1269 meseraicae
1624 1219 1762 1265 non
1839 1192 2247 1268 immediate
2307 1198 2686 1270 ventriculo

409 1298 909 1395 implantantur
929 1350 952 1384 ,
1005 1296 1119 1368 sed
1169 1295 1498 1368 intestinis
1527 1348 1551 1382 ‚
1588 1295 1824 1389 itaque
1857 1290 2030 1365 nihil
2054 1322 2135 1367 ex
2177 1296 2549 1367 ventriculo
2577 1322 2688 1367 ar-

409 1397 719 1494 ripiunt,
768 1392 887 1466 nisi
916 1394 1111 1491 quod
1149 1397 1337 1494 prius
1361 1396 1564 1467 fuerit
1597 1395 1669 1463 in
1699 1390 2011 1465 intestina
2042 1392 2400 1492 delapsum
2426 1446 2450 1480 ‚
2499 1395 2696 1470 unde·

415 1496 580 1568 cum
621 1490 971 1593 assumptis
1021 1493 1188 1566 cibis
1222 1495 1484 1595 pilorus
1536 1492 1719 1565 arete
1777 1492 2142 1568 claudatur
2186 1500 2259 1567 ὅ(
2323 1496 2691 1571 conniveat

407 1620 533 1697 per
573 1594 908 1694 plusculas
935 1594 1174 1681 hora5‚
1216 1600 1312 1668 ita
1366 1619 1452 1666 ue
1491 1593 1665 1666 nihil
1721 1593 1794 1663 in
1829 1593 2165 1667 *intestina
2210 1591 2250 1665 ὲ
2305 1597 2694 1668 ventriculo

378 1691 782 1775 *descendat
832 1690 1060 1770 statim
1100 1692 1187 1765 ab
1247 1619 1598 1793 afflumptis
1636 1689 1803 1765 cibis
1844 1745 1869 1780 ‚
1918 1695 2100 1768 certe
2146 1695 2360 1768 fames
2399 1695 2687 1767 minime

406 1792 683 1868 sedatur
710 1846 733 1881 ‚
775 1791 967 1891 quod
1017 1793 1229 1894 hepar
1276 1818 1543 1894 partem
1598 1790 1735 1864 cibi
1803 1791 2247 1887 liquidiorem
2297 1818 2416 1893 per
2477 1818 2686 1870 venas

410 1891 814 1965 mesaraicas
840 1893 1112 1962 alliciat.
1612 1906 1625 1914 ’

512 1990 602 2061 Et
629 1990 805 2062 certe
860 1990 1018 2061 cum
1061 1987 1431 2062 substantia
1483 1990 1554 2060 in
1611 1984 1808 2059 nobis
1857 1983 2083 2057 solida
2141 1984 2212 2056 ἃ
2253 1984 2498 2061 fibrosa
2548 2016 2687 2063 non
2773 2016 2909 2075 Quod
2931 2032 3034 2079 pm·

420 2085 545 2161 nifi
572 2089 769 2161 tarde
818 2087 1214 2188 diffipabilis
1248 2085 1371 2176 fit,
1431 2086 1875 2186 reparationis
1917 2084 2062 2168 ejus
2093 2083 2412 2157 confertae
2459 2094 2530 2162 δε
2580 2116 2697 2163 ce-
2719 2070 2869 2122 ''⁸³⁰‘’
3049 2090 3054 2097 ’

413 2189 705 2261 lerrimae
742 2189 932 2259 nulla
976 2214 1209 2262 revera
1243 2185 1341 2258 est
1376 2186 1715 2259 neceffitas
1745 2238 1770 2273 ‚
1812 2179 2239 2283 proindeque
2287 2183 2567 2286 infignis
2616 2196 2691 2265 δε

405 2288 677 2362 eximiae
721 2287 1144 2359 attractionis
1188 2311 1519 2360 venarum
1557 2340 1582 2373 ,
1647 2290 1718 2358 δε
1781 2283 2040 2357 visceris
2104 2282 2420 2382 sanguini
2466 2287 2690 2362 craffo

407 2384 1070 2476 fibrosaesubstantiae
1115 2387 1444 2458 alimento
1485 2385 1767 2485 proprio
1800 2380 2232 2456 conficiendo
2284 2384 2497 2460 dicati
2528 2390 2685 2461 nul-

408 2487 478 2560 la
504 2511 785 2584 quoque
815 2483 1148 2561 necessitas
1174 2540 1197 2575 ,
1243 2487 1480 2582 itaque
1516 2481 1802 2558 minime
1845 2483 2058 2584 hepar
2102 2507 2221 2558 aut
2249 2510 2438 2560 venae
2461 2489 2681 2562 mesa-

409 2589 614 2660 raicae
671 2588 1042 2662 invexerint
1075 2585 1329 2658 famem
1372 2587 1564 2658 illam
1604 2585 1733 2658 -seu
1776 2584 2106 2656 eximiam
2160 2585 2614 2674 exsustionem
2647 2643 2679 2679 ,

408 2710 564 2782 quoe
594 2685 956 2764 dolorifica
999 2683 1095 2757 est
1121 2685 1357 2786 utpote
1408 2686 1706 2760 violenta
1739 2688 1812 2757 &
1859 2682 2217 2782 confertim
2265 2685 2493 2765 fasta;
2542 2689 2677 2761 do-
2722 2709 3050 2770 (notanus

408 2788 515 2858 lor
564 2811 863 2882 namque
916 2809 1055 2856 non
1102 2784 1177 2857 fit
1230 2782 1351 2857 nifi
1383 2809 1543 2857 cum
1582 2808 1826 2857 natura
1852 2772 2263 2869 confertim„
2329 2785 2462 2859 hoc
2519 2787 2615 2858 est
2646 2843 2673 2876 ,
2706 2770 2861 2831 ‘¹⁸³'
2906 2803 2910 2811 ‘

408 2884 642 2961 valide
672 2890 744 2959 &
776 2883 1125 2958 celerrime
1149 2886 1609 2985 corrumpitur
1636 2938 1662 2976 ‚
1705 2907 1780 2958 ut
1806 2881 1901 2955 est
1927 2885 2000 2955 in
2038 2878 2335 2975 Phyficis
2360 2885 2678 2960 demoni?-

413 3005 694 3058 tratum.

512 3078 603 3152 Et
643 3078 1085 3153 confirmatur
1105 3077 1299 3177 quod
1321 3079 1531 3152 fames
1580 3106 1735 3175 quae
1764 3079 1853 3154 ab
1879 3076 2333 3181 assumptione
2347 3079 2624 3161 ceffavit
2647 3140 2673 3178 ,
2707 3104 2766 3150 Bt
2788 3102 3029 3152 confirm·-

414 3204 499 3254 ea
547 3177 785 3253 denuo
813 3178 924 3251 sex
967 3178 1122 3280 post
1159 3182 1362 3251 horas
1409 3179 1672 3251 circiter
1711 3181 2038 3277 evigilare
2075 3182 2419 3266 consuevit
2450 3214 2473 3264 3
2525 3213 2669 3284 quo
2703 3175 2801 3276 {22
2825 3162 3044 3279 ⁸211?ssss

414 3295 721 3378 tempore
777 3278 1033 3352 scilicet
1095 3280 1396 3381 primum
1448 3279 1695 3377 aperiri
1751 3280 1918 3351 solet
1962 3283 2238 3380 pylorus
2297 3289 2372 3358 δε
2432 3285 2669 3381 chylus
2693 3276 3032 3395 233‘3522222

414 3404 535 3479 per
574 3376 884 3452 intestina
939 3376 1109 3452 valis
1165 3378 1540 3451 meseraicis
1565 3376 1882 3452 distribui
1912 3383 2210 3479 primum
2234 3435 2259 3470 ,
2308 3407 2519 3478 atque
2550 3410 2670 3483 per
2953 3367 2980 3390 '
3039 3401 3042 3406 ’

409 3503 495 3549 ea
532 3478 766 3578 hepati
798 3478 1106 3576 porrigi:
1156 3504 1239 3551 ex
1286 3504 1431 3574 quo
1456 3503 1641 3580 patet
1660 3481 1946 3554 minime
1985 3479 2072 3554 ab
2123 3484 2370 3581 hepate
2392 3505 2514 3553 aut
2553 3509 2669 3556 ve—

407 3597 660 3649 narum
692 3577 1206 3650 meseraicarum
1242 3578 1546 3653 suctione
1586 3580 1843 3656 famem
1867 3608 2016 3656 tum
2037 3582 2375 3666 suscitari,
2418 3578 2533 3653 sed
2574 3582 2664 3657 ab
2696 3603 3034 3667 cuncluditur..
3095 3600 3104 3611 “

408 3675 684 3748 alterius
709 3676 972 3750 visceris
1001 3730 1026 3765 ‚
1071 3704 1540 3775 venarumque
1563 3683 1838 3756 alterius
1869 3683 2137 3783 generis
2163 3672 2463 3752 suctione
2502 3710 2664 3783 pro-
2694 3676 2843 3722 '‘¹¹²'‘
2855 3665 2913 3711 '²¹’
2925 3670 3019 3715 Η*

410 3776 642 3850 venire
674 3828 699 3863 ,
760 3775 1335 3874 quandoquidem
1390 3778 1438 3851 fi
1478 3777 1572 3852 ab
1628 3779 2408 3890 hepate'produceretur·
2431 3783 2660 3880 potius
2689 3736 2848 3826 ἵζ’·
2867 3738 3032 3826 ’32ῐῖ

2691 3840 2854 3884 taient.
2919 3838 3020 3882 suc·

412 3895 564 3947 tum
587 3876 909 3976 temporis
936 3875 1293 3951 sedaretur
1323 3880 1535 3976 quam
1567 3904 1919 3955 acueretur
1948 3928 1973 3963 ‚
2016 3872 2350 3975 squidem
2389 3881 2532 3977 ipsa
2559 3881 2664 3957 fa—
2695 3896 2821 3940 tim
2851 3894 3050 3979 rann-J

413 3997 557 4050 mes
582 3989 718 4046 non
748 3971 867 4047 nrfi
892 3973 1060 4049 cibis
1116 3973 1461 4081 affumptis
1500 3975 1753 4051 cessare
1798 3975 1978 4056 ,solet
2000 4029 2030 4066 ,
2060 3997 2212 4074 quo
2253 4001 2560 4077 tempore
2584 3985 2672 4058 iis
2693 3948 2921 4052 im

411 4055 623 4172 hepar
643 4075 931 4154 saturari
953 4078 1173 4159 evenit
1181 4131 1210 4175 ,
1233 4078 1369 4157 hoc
1403 4078 1500 4155 est
1517 4129 1546 4173 ,
1571 4076 1710 4157 frui
1719 4075 2118 4180 chyliparte
2139 4078 2431 4184 perfecte
2448 4082 2673 4188 ερᾶᾃ,

680 4218 719 4251 Q
810 4247 819 4250 -
