3593 5087
750 485 755 494 ι
897 393 1045 491 '136
1175 385 1592 466 MORBI
1672 384 2188 464 CAPIT-'IS
2268 381 2770 462 INTERN
2802 386 2846 465 Ῑ

546 560 593 611 3
632 557 687 604 in
728 550 870 617 sinze
898 516 1151 603 licitat,
1193 519 1404 612 quarti
1436 535 1465 566 ⁸
1527 515 1918 604 ὅξονιίροιῗμον
1949 517 2375 607 Hippocrates
2408 540 2630 588 vocat.
2652 514 2802 587 Nec
2827 514 2995 590 verb
3012 518 3150 594 hoe

548 617 701 716 “32¹¹
721 671 744 717 s
777 625 874 713 ‘212
902 619 1168 687 tantum
1216 638 1523 712 tempore
1568 611 1787 683 semen
1838 614 2213 683 excernitur
2237 613 2275 682 'a
2306 611 2703 684 mulieribus
2731 666 2754 699 ,
2799 614 2913 686 sed
2943 623 3012 689 &
3046 623 3146 687 in-

548 683 816 789 garentum·
902 712 1125 786 terdiu
1160 710 1722 807 quotiescumque
1749 708 1904 781 vasa
1934 737 2013 783 eo
2040 712 2462 809 praegnantia
2492 710 2641 781 sunt
2678 718 2747 784 δι
2792 711 3081 785 distenta
3116 767 3143 803 ‚

898 810 1133 909 utpote
1174 811 1332 881 cum
1373 805 1627 880 fluxum
1656 805 1729 879 fit
1765 814 1836 880 ὅ(
1873 834 2215 906 aqueum,
2273 807 2637 909 deponitur
2664 833 2998 906 tanquam
3027 840 3141 885 ex·-

899 933 1322 1004 crementum
1385 904 1517 978 fine
1570 906 1715 977 ullo
1756 910 2147 989 acrimoniae
2205 905 2389 978 sensu
2453 908 2661 977 etiam
2721 908 3021 997 interdiu
3066 918 3140 985 δε

897 1032 1019 1106 per
1074 1006 1481 1105 septenarios
1520 1056 1542 1092 ,
1590 1029 1710 1076 aut
1761 1004 2023 1077 tardius
2050 1059 2073 1092 ,
2141 1004 2355 1101 idque
2406 1003 2681 1102 sponte;
2725 1006 3150 1104 quandoque

894 1107 1083 1176 enim
1118 1131 1254 1175 non
1306 1101 1423 1173 nisi
1461 1103 1696 1175 exacto
1730 1103 1955 1174 mense
1997 1129 2138 1175 uno
2183 1102 2625 1200 postmodum
2667 1129 3033 1177 excernunt
3061 1113 3137 1179 &

893 1201 1203 1302 saepicule
1257 1203 1364 1273 vel
1398 1197 1536 1273 uno
1568 1199 1683 1273 die
1711 1253 1734 1287 ,
1781 1199 1979 1296 quod
2035 1201 2270 1273 rescire
2300 1200 2499 1273 facile
2546 1200 2641 1273 est
2676 1203 2716 1271 a
2752 1202 3147 1300 grandiori-

893 1292 1021 1372 bus
1050 1325 1214 1371 natu
1241 1353 1262 1385 ‚
1317 1296 1363 1369 si
1389 1297 1604 1370 modo
1660 1324 1799 1369 non
1828 1297 1916 1370 de
1948 1298 2277 1398 spermate
2307 1299 2420 1372 sed
2462 1298 2550 1369 de
2583 1296 2794 1371 fluore
2842 1298 3001 1373 albo
3028 1305 3142 1373 in-

895 1419 1365 1496 terrogentur,
1409 1422 1812 1494 quanquam
1853 1393 2089 1468 filentii
2126 1401 2198 1469 in
2223 1399 2350 1469 hac
2392 1424 2463 1469 re
2486 1423 2790 1470 amantes
2817 1405 2887 1471 &
2919 1400 3144 1497 pudo-

898 1496 989 1567 ris
1040 1499 1291 1595 plenae:
1345 1497 1453 1567 hic
1494 1521 1793 1590 namque
1853 1492 2026 1566 fluor
2073 1495 2265 1567 albus
2321 1494 2416 1568 est
2463 1498 2747 1594 genuini
2795 1497 3145 1594 spermatis

847 1667 852 1671 .
900 1598 1197 1667 excretio
1214 1649 1235 1681 ‚
1256 1618 1333 1666 ut
1354 1621 1433 1666 ex
1457 1591 1835 1665 substantiae
1860 1599 1929 1665 &
1959 1593 2251 1665 exeundi
2269 1593 2485 1665 modo
2507 1596 2886 1684 conjestate
2914 1598 3092 1670 licet.

546 1763 553 1772 ι
604 1733 658 1776 4.
683 1719 720 1788 a
751 1726 874 1761 eon·
1004 1691 1430 1790 Quanquam
1453 1717 1683 1763 autem
1719 1691 1951 1789 saepihs
1982 1693 2303 1764 retinetur
2324 1692 2433 1765 vel
2459 1717 2576 1790 per
2604 1716 2733 1765 tres
2768 1718 3148 1789 quatuorve

545 1771 878 1882 Kssi‘ffissfiul‘ssi
909 1789 1380 1865 hebdomadas
1404 1844 1427 1878 ‚
1476 1815 1624 1862 toto
1685 1814 1912 1862 tamen
1949 1816 2031 1864 eo
2082 1816 2388 1890 tempore
2412 1791 2602 1861 nulla
2657 1817 2775 1863 cor
2825 1794 2958 1864 oris
2988 1819 3149 1892 gra-

549 1892 745 1994 &342⁸
793 1886 877 1934 ‘⁴²'
904 1894 1161 1978 vitate,
1213 1891 1411 1962 nullis
1453 1886 1781 1972 fastidiis,
1820 1886 2077 1959 nedum
2120 1888 2472 1982 horrendis
2502 1940 2525 1975 ,
2579 1915 2733 1984 quae
2783 1890 2928 1962 also
2960 1917 3148 1964 utero

703 1978 721 1996 ⁹
903 1994 1329 2091 imputantur
1362 1985 1814 2085 symptomata
1849 2039 1872 2072 ,
1924 1986 2233 2059 laborare
2257 2013 2367 2060 eas
2397 1991 2802 2087 experientia
2852 1987 3148 2063 testatur.

900 2089 987 2162 Et
1037 2087 1215 2161 certe
1250 2088 1483 2159 mirari
1536 2084 1707 2160 subit
1749 2082 1792 2154 fi
1826 2109 2069 2156 natura
2115 2087 2188 2155 in
2233 2085 2384 2158 sexu
2415 2084 2755 2159 masculeo
2789 2112 2931 2159 tam
2956 2115 3152 2187 expe-

901 2187 1045 2261 dite
1098 2185 1184 2257 ab
1242 2185 1369 2258 hoc
1420 2183 1548 2258 sese
1594 2182 1838 2255 liberat
1870 2208 2294 2256 excremento
2324 2238 2349 2272 ,
2392 2210 2510 2257 cur
2537 2187 2606 2254 in
2645 2186 2966 2257 foemineo
2994 2186 3149 2257 lan-

898 2286 1178 2384 guescat
1208 2281 1473 2384 prorsus
1499 2337 1521 2369 ,
1564 2285 1725 2354 cilm
1771 2305 2007 2352 tamen
2033 2283 2210 2354 illud
2240 2285 2459 2381 magis
2484 2280 2559 2354 fit
2588 2281 2812 2355 fluxile
2839 2335 2862 2370 ,
2922 2289 2996 2357 &
3050 2284 3147 2356 ad

900 2385 1351 2456 excretionem
1391 2381 1731 2479 proclive:
1792 2382 2005 2475 quam
2042 2383 2175 2452 rari
2215 2384 2395 2452 enim
2444 2404 2561 2453 aut
2611 2385 2833 2482 potius
2865 2382 3038 2453 nulli
3078 2385 3150 2454 in

898 2482 1128 2558 nostro
1178 2478 1333 2553 sexu
1376 2480 1497 2576 qui
1538 2501 1795 2550 naturae
1828 2480 2181 2578 pigritiam
2223 2482 2293 2551 in
2336 2479 2464 2553 hoc
2520 2480 2886 2555 accusent?
2972 2480 3148 2554 testis

901 2580 1143 2651 citetur
1186 2577 1383 2675 Sacer
1417 2576 1662 2663 Ordo,
1717 2577 1841 2672 qui
1877 2580 2101 2677 potius
2138 2579 2428 2649 nimiam
2460 2603 2714 2652 naturae
2753 2582 2822 2650 in
2872 2606 2953 2650 eo
3006 2606 3147 2652 non

902 2700 1092 2748 amat
1118 2677 1558 2773 diligentiam
1583 2729 1606 2763 ,
1658 2675 1769 2747 sed
1813 2676 1990 2773 aegre
2038 2677 2163 2749 fert
2191 2677 2383 2772 quod
2431 2679 2502 2747 in
2532 2678 2854 2750 festorum
2884 2676 3152 2751 dierum

904 2775 1280 2874 pervigiliis
1329 2773 1455 2868 (ut
1507 2781 1577 2847 &
1627 2775 1895 2870 quoties
1923 2776 2323 2847 immutatur
2383 2775 2776 2849 constitutio
2809 2778 3033 2848 serena
3078 2781 3150 2848 in

906 2874 1352 2974 pluviosam)
1387 2872 1810 2967 ε’ξοιείρωΓμΘ·
1844 2874 1978 2944 illis
2011 2872 2163 2945 fere·
2199 2870 2274 2945 s1t
2300 2876 2727 2972 importunus
2763 2904 2781 2952 3
2830 2876 3156 2948 nimirum
3187 2964 3188 2967 Ἴ

910 2976 992 3045 iis
1043 2970 1402 3044 incoenatis
1451 2997 1596 3044 toto
1645 2972 1891 3067 quietis
1917 2996 2223 3073 tempore
2249 2996 2496 3044 natura
2531 2973 2686 3047 solis
2714 2971 3018 3073 partibus
3040 3001 3158 3074 gez

832 3090 839 3095 ’
909 3070 1235 3151 nitatibus
1261 3069 1540 3142 incubat
1566 3077 1635 3145 &
1662 3071 2000 3168 invigilat.

1010 3169 1233 3266 Atqui
1314 3167 1361 3240 si
1429 3194 1759 3241 retentum
1828 3172 1899 3240 in
1951 3167 2249 3241 maribus
2305 3167 2531 3243 semen
2596 3164 2921 3266 hysterica
2968 3168 3157 3245 dicta

881 3262 1370 3367 ,symptomata
1425 3293 1780 3365 nunquam
1835 3269 2204 3367 importare
2230 3266 2443 3339 visum
2465 3268 2607 3353 est,
2654 3294 2769 3340 aut
2797 3266 3154 3339 fandoau-

790 3448 799 3457 ι
914 3366 1144 3438 ditum
1174 3420 1197 3453 ,
1249 3391 1368 3436 cur
1398 3367 1467 3435 in
1510 3364 1904 3440 mulieribus
1958 3365 2147 3439 idem
2174 3391 2521 3439 tantorum
2547 3368 2887 3436 malorum
2914 3367 3158 3440 auster

914 3465 1315 3551 accusatur,
1366 3465 1525 3534 cum
1562 3489 1804 3538 ¹tamen
1848 3470 1942 3539 δι’
1972 3468 2044 3537 in
2085 3492 2333 3564 genere
2369 3467 2665 3537 marium
2722 3463 2946 3535 semen
2988 3463 3154 3565 saepe

886 3564 1239 3663 *frigidius
1271 3568 1340 3636 &
1371 3560 1679 3658 aquofius
1715 3562 1831 3650 fit,
1882 3568 1951 3636 &
1981 3567 2214 3636 contra
2258 3565 2328 3633 in
2431 3589 2626 3644 enere
2659 3564 3025 3635 mulierum
3059 3565 3152 3637 vi-

920 3664 1190 3758 ragines
1206 3716 1229 3751 ,
1263 3669 1331 3736 &
1358 3686 1508 3757 quae
1532 3662 1572 3730 a
1602 3664 1842 3753 natura
1874 3664 2114 3735 calidae
2141 3659 2234 3732 ad
2260 3688 2337 3734 ea
2391 3688 2814 3764 ymptomata
2850 3658 2973 3732 sint
2996 3687 3153 3761 pro-
3234 3744 3237 3747 Α

919 3758 1248 3854 pensiores
1270 3814 1293 3847 ,
1332 3787 1414 3831 ne
1439 3760 1592 3856 quis
1623 3784 1936 3861 praetexat
1961 3760 2376 3832 masculeum
2412 3760 2632 3833 semen
2664 3763 2894 3833 nativo
2933 3763 3157 3831 calore

922 3850 1051 3928 effe
1069 3859 1383 3933 muliebri
1397 3858 2018 3960 superius,ideoque
2035 3862 2256 3932 minus
2273 3859 2366 3932 ad
2381 3860 2816 3959 putredinem
2830 3863 3157 3960 pronum?
3175 3908 3180 3913 -

1003 4028 1038 4071 a
1094 4008 1481 4076 Pollutionem
1512 4011 1857 4077 nosturmm
1886 4034 1901 4076 t
1943 4010 2159 4076 somnia
2191 4028 2402 4086 venere
2423 4026 2529 4075 aut
2552 4013 2616 4076 in
2642 4013 2744 4081 lib.
2768 4011 2844 4076 de
2872 4014 3156 4092 genituras

927 4082 1090 4204 Δῃὼ·
1128 4106 1186 4160 4·
2809 4162 3158 4251 Postremb
