3593 5087
743 415 892 544 ‘A
987 413 1663 502 Pnonuvxa
1762 416 2266 498 sanosA.
2519 437 2673 524 ³47

415 551 515 632 tia
539 558 586 654 )
632 556 830 659 quod
880 588 999 662 per
1024 557 1425 633 exhaustum
1461 557 1734 630 humidi
1770 561 1844 629 in
1873 557 2233 632 visceribus
2274 558 2674 660 primigenii

419 660 515 730 irn
563 663 872 734 ortunius
889 662 1166 733 trahant
1191 659 1443 732 viscera
1472 685 1491 733 ;
1537 683 1700 729 nam
1725 657 2147 758 inopinabile
2173 661 2402 732 calore
2428 663 2670 734 innato

421 762 490 833 vi
522 785 759 833 cerum
789 759 1142 836 devastato
1171 757 1558 830 traffiicem
1584 760 1822 857 vigere
1844 755 2047 858 posse.
2786 829 2828 878 τ

517 857 651 932 Sed
685 884 1052 961 pergamus
1088 855 1183 929 ad
1220 857 1517 956 reliquas
1559 855 1608 936 fi
1646 882 1802 956 quae
1856 857 1979 929 smt
2015 858 2395 932 funfflones
2429 913 2453 948 ‚
2520 886 2678 959 quae
2712 829 3033 936 ‘fimeffff's‘fi'l

415 957 782 1031 insalubres
813 966 883 1033 δε
913 956 1490 1059 praeternaturales
1535 956 1726 1030 asciti
1771 956 2076 1030 affident.
2129 960 2341 1058 Tuffis
2366 960 2543 1053 sane·
2558 965 2677 1050 seu
2708 949 3026 1054 {ffffldb

411 1081 491 1128 ἰιι
535 1061 711 1132 andi
732 1061 1062 1154 cupiditas
1088 1059 1316 1129 inanis
1345 1109 1368 1143 ‚
1409 1057 1828 1155 experientia
1853 1057 2019 1130 teste
2036 1113 2060 1147 ‚
2102 1063 2244 1148 jam
2265 1066 2304 1134 *a
2335 1063 2675 1163 principio

413 1160 480 1230 ei
514 1158 646 1231 sese
673 1157 1054 1259 adjungere
1079 1156 1243 1229 solet
1271 1162 1344 1231 &
1370 1156 1580 1255 longe
1617 1158 1805 1258 prius
1847 1159 2061 1253 quam
2095 1157 2317 1231 serum
2351 1162 2431 1230 ea
2484 1158 2560 1234 sit
2603 1167 2681 1239 in

418 1256 796 1330 abdomine
841 1258 1208 1330 colleE'tum
1251 1257 1454 1355 copia
1479 1309 1503 1344 ‚
1556 1281 1633 1328 ut
1662 1258 1735 1327 in
1770 1255 2055 1329 thorace
2093 1259 2350 1332 eructet
2372 1259 2483 1332 vel
2517 1285 2682 1338 exu-

415 1356 585 1446 det,
628 1355 827 1452 qubd
873 1356 1151 1428 inferior
1194 1377 1429 1430 venter
1477 1357 1541 1425 ei
1599 1353 2018 1427 continendo
2084 1361 2227 1446 jam
2275 1357 2352 1429 fit
2401 1359 2624 1459 impar
2660 1420 2687 1456 ‚

415 1457 556 1528 hoc
593 1457 780 1526 enim
808 1481 932 1555 pro
987 1456 1163 1528 rium
1216 1452 1310 1525 est
1362 1452 1548 1526 asciti
1588 1457 1730 1543 jam
1773 1455 2048 1552 longius
2092 1451 2463 1557 progreffo.
2511 1457 2691 1532 Affi-

422 1555 789 1652 derigitur
813 1482 992 1628 cuais
1033 1580 1172 1626 non
1204 1554 1415 1625 aliam
1451 1551 1611 1626 sane
1634 1552 1723 1626 ob
1753 1554 2030 1647 causam
2059 1609 2083 1643 ,
2137 1561 2349 1656 quam
2382 1560 2549 1655 quia
2568 1581 2691 1636 aut

415 1653 886 1756 diaphragma
922 1657 962 1728 *a
1006 1654 1256 1728 viscere
1289 1654 1616 1726 alterutro
1660 1677 1782 1727 aut
1816 1652 2159 1728 ambobus
2182 1657 2692 1733 extumescenti-

403 1752 544 1826 bus
578 1759 651 1828 &
679 1751 1177 1854 gravitantibus
1209 1753 1531 1825 deorsum
1555 1750 1906 1826 divellitur
1937 1753 2470 1855 distrahiturque
2502 1814 2526 1848 ,
2570 1785 2691 1833 aut

401 1853 597 1926 certe
632 1850 678 1924 fi
725 1857 866 1941 jam
893 1854 1111 1926 serum
1154 1854 1344 1924 tanta
1375 1849 1454 1924 fit
1496 1852 1863 1956 aggestum
1903 1855 2105 1952 copia
2152 1879 2229 1926 ut
2277 1858 2341 1930 ei
2379 1860 2693 1933 innatare

403 1953 637 2027 ‘veluti
668 1952 922 2025 viscera
954 1952 1195 2053 possint
1224 2007 1248 2041 ‚
1305 1958 1376 2025 ὅ(
1414 1949 1677 2023 idcirco
1701 1952 1985 2026 levitare
2007 2006 2031 2041 ‚
2076 1954 2245 2050 quia
2291 1952 2484 2028 idem
2531 1958 2692 2030 dia-

474 2052 769 2150 hragma
798 2050 885 2124 ab
914 2077 998 2124 eo
1031 2076 1269 2151 praeter
1297 2049 1616 2122 ordinem
1655 2049 1952 2145 distento
1990 2053 2250 2154 quippe
2298 2057 2695 2132 immaniter

418 2079 800 2223 Fecundum
832 2176 1132 2225 convexa
1160 2150 1272 2222 seu
1299 2147 1511 2248 gibba
1557 2151 2035 2249 comprimitur
2088 2159 2160 2226 δε
2214 2153 2287 2224 in
2343 2153 2696 2254 angustias

428 2247 855 2321 adducitur:
909 2274 1071 2319 nam
1098 2248 1279 2319 tussis
1329 2251 1497 2344 quia
1540 2245 1710 2321 sicca
1747 2247 1836 2319 ab
1877 2246 2216 2322 exudante
2267 2252 2409 2324 sero
2442 2277 2579 2327 non
2611 2253 2694 2330 fit

420 2347 588 2419 sane
643 2349 715 2418 in
757 2349 1096 2448 principio
1127 2401 1150 2435 ,
1224 2348 1388 2417 cum
1434 2348 1654 2418 imum
1702 2371 2012 2422 ventrem
2054 2374 2203 2421 tum
2248 2376 2538 2453 occupet
2588 2351 2691 2426 so·

411 2448 575 2519 lum
595 2500 619 2535 ‚
664 2471 888 2545 neque
930 2451 1136 2520 etiam
1171 2450 1209 2517 ὲ
1252 2446 1585 2542 qualitate
1613 2472 1955 2548 vaporum
1989 2446 2027 2519 ὲ
2052 2448 2195 2521 sero
2230 2453 2689 2554 expirantium
3038 2541 3043 2547 ,

415 2546 687 2620 sursum
738 2548 1067 2620 excitatur
1106 2545 1286 2621 tuffis
1316 2600 1341 2634 ,
1401 2546 1661 2646 quippe
1720 2548 1884 2619 ciun
1928 2546 1983 2618 ii
2030 2574 2317 2650 vapores
2386 2553 2565 2628 lenes
2610 2562 2684 2633 ὃς
2990 2553 3049 2603 ””

417 2645 806 2721 mulcebres
834 2644 959 2719 sint
985 2650 1206 2749 potius
1233 2647 1598 2746 praesertim
1622 2648 1694 2718 in
1720 2647 1940 2746 princi
1992 2648 2083 2721 io,
2394 2674 2400 2681 ·

522 2744 762 2843 Atque
808 2747 951 2829 haec
980 2748 1134 2819 satis
1168 2747 1392 2840 ¹multa
1437 2745 1527 2818 de
1571 2747 1823 2818 natura
1877 2675 2098 2819 argitis
2152 2746 2503 2846 causisque
2536 2756 2686 2842 ejus

416 2847 806 2945 proximi83
850 2845 940 2918 de
987 2843 1200 2917 causis
1259 2845 1445 2916 enim
1494 2842 2048 2916 antecedentibus
2098 2843 2327 2918 dicere
2364 2850 2539 2922 velle
2572 2877 2690 2947 paf-

419 2941 717 3017 recbafis
750 2938 929 3015 esset·
959 2944 1235 3040 longior
1262 2994 1287 3029 ,
1356 2948 1426 3014 &
1471 2939 1559 3012 ab
1602 2939 1911 3015 instituto
1977 2940 2208 3014 nostro
2243 2946 2468 3018 aliena
2505 2949 2692 3046 pari-

421 3068 676 3140 terque
711 3039 803 3114 de
854 3039 1171 3140 diagnofi
1206 3040 1531 3142 hydropis
1572 3044 1713 3130 jam
1789 3042 2076 3123 raesentis
2125 3040 2406 3118 affetstus
2430 3050 2690 3149 quippe

419 3144 553 3245 per
584 3142 648 3214 se
694 3141 1167 3217 evidentissimi
1222 3166 1430 3241 agere
1456 3195 1480 3229 ‚
1525 3136 1682 3213 effet
1769 3166 1808 3213 e
1859 3141 2147 3215 meridie
2183 3145 2417 3218 lumen
2453 3172 2690 3221 accen-

409 3246 634 3318 dere:
673 3244 912 3317 verbm
933 3244 1243 3317 futurum
1284 3249 1354 3315 &
1399 3238 1760 3312 instantem
1803 3241 1962 3312 ante
2002 3240 2416 3318 denunciare
2456 3244 2505 3319 fi
2543 3274 2687 3320 non

424 3341 725 3417 Medico
752 3345 1129 3439 gloriosum
1155 3343 1202 3436 (
1231 3343 1346 3413 cui
1381 3340 1638 3412 incerta
1657 3340 1955 3413 minanti
1988 3346 2059 3417 &
2092 3346 2385 3419 maxime
2411 3348 2687 3445 ingrata

426 3438 632 3512 haud
657 3440 854 3514 facil'e
878 3444 1235 3537 creditur)
1271 3438 1450 3514 certe
1488 3436 1689 3540 aegris
1729 3439 1898 3512 utile
1932 3494 1956 3530 ,
2018 3465 2140 3515 aut
2165 3446 2433 3546 prorsus
2460 3444 2686 3517 neces·
2796 3503 2845 3552 Β
2880 3504 2906 3553 d

414 3541 710 3613 sarium.
742 3546 965 3616 Unum
983 3545 1192 3638 igitur
1224 3540 1748 3639 certss'unumque
1791 3537 1867 3611 ό·
1896 3544 2100 3639 instar
2147 3547 2436 3615 omnium
2463 3542 2689 3636 astrici-5
2718 3513 3043 3634 flgnpssssffi'.

412 3640 835 3730 imminentis
846 3645 1325 3738 prognosticum
1336 3639 1690 3713 habendum
1707 3692 1731 3728 ‚
1755 3642 2029 3740 proesens
2045 3641 2403 3733 tumorst've
2422 3647 2689 3743 inflam-
2715 3620 3020 3734 ῗὲζὶἓᾬ..

423 3741 907 3831 matoriusstve
918 3739 1291 3838 shirrlzofizs
1317 3744 1703 3814 alterutrius
1736 3735 2005 3833 vzsceris
2040 3770 2057 3811 t
2109 3741 2218 3814 hic
2244 3769 2520 3843 namque
2567 3745 2696 3839 nist

415 3844 685 3916 maturi
720 3865 976 3914 curetur
1004 3891 1031 3923 ,
1057 3842 1389 3937 fungstum
1420 3850 1580 3912 certi
1615 3840 2073 3939 necffrio'que
2099 3839 2293 3929 infert
2317 3846 2591 3937 asc-item.

534 3938 816 4028 Quaeret
837 3968 1065 4016 autem
1102 3943 1212 4016 hic
1240 3940 1413 4013 forte
1441 3941 1688 4038 aliquis
1709 3939 2096 4041 frequentiae
2140 3941 2340 4037 hujus
2373 3948 2685 4021 exitiabi-

423 4044 527 4113 lis
553 4040 815 4133 affeblus
838 4041 1124 4135 causas?
1178 4040 1442 4114 Verum
1481 4036 1935 4116 consideranti
1966 4044 2125 4116 hinc
2155 4067 2328 4140 quot
2364 4052 2437 4121 δε
2474 4050 2688 4148 qu‘am
2718 4065 2874 4135 droti!
2947 4069 3043 4123 tta

387 4134 689 4215 'crebrae
733 4142 951 4217 vitam
990 4142 1356 4218 hominum
1394 4137 1735 4220 incursent
1787 4144 2005 4222 causae
2023 4198 2050 4239 ,
2110 4164 2271 4249 ειυς
2320 4146 2694 4229 mesereum
2721 4137 2935 4184 ‘'mm'‘

2092 4244 2301 4341 an

2764 4009 2921 4057 aas:
2935 4013 3039 4071 Hr-
3091 4026 3111 4044 ·
