3593 5087
867 368 1652 496 Acorruvm
1751 410 2254 494 SERosA.
2552 438 2702 518 477

443 538 811 620 terminum
846 544 1093 619 habent
1135 546 1183 640 ζ
1207 543 1326 617 nisi
1363 543 1537 618 forte
1564 546 1917 645 pleonexia
1979 546 2191 617 setosa
2226 565 2413 616 tanta
2433 541 2506 618 fit
2544 601 2566 635 ‚
2630 573 2708 621 ut

442 645 804 745 postquam
861 643 1240 719 efferbuerit
1306 670 1563 718 novum
1620 643 1941 744 deinceps
2009 644 2346 716 fervorem
2413 646 2708 719 resumat

445 744 791 842 periodice
812 798 834 832 ‚
893 750 961 820 δε
989 769 1241 845 paucos
1271 746 1450 816 intra
1492 742 1638 816 dies
1662 771 1728 816 v.
1758 769 1830 841 g.
1859 767 2154 839 quatuor
2183 744 2706 839 consequentem

444 842 699 915 stilicet
734 841 1311 944 perturbationem
1360 843 1533 913 ae'ris
1560 866 1808 938 quarto
1834 865 2115 937 quoque
2143 842 2257 914 die
2282 845 2709 942 reciprocan-

447 941 653 1033 tem)
681 946 1018 1032 conjicere
1074 941 1168 1015 est
1221 941 1399 1038 certe
1434 938 1649 1013 febres
1672 994 1695 1029 ‚
1748 966 2047 1037 quarum
2083 941 2303 1014 fervor
2334 944 2535 1013 unius
2565 943 2709 1016 diei

444 1044 772 1113 naturalis
805 1040 900 1111 est
928 1096 951 1131 ‚
1000 1043 1071 1112 in
1125 1041 1414 1112 humore
1447 1066 1669 1136 aqueo
1700 1040 1949 1112 haerere
1983 1055 2007 1127 3
2064 1042 2188 1136 qui
2217 1038 2463 1111 scilicet
2489 1040 2712 1115 fervo-

442 1163 589 1208 rem
625 1139 664 1208 ὲ
718 1136 932 1212 causis
964 1140 1253 1211 externis
1302 1138 1693 1237 impressum
1731 1143 1947 1211 unius.
1963 1137 2105 1210 diei
2139 1138 2464 1209 naturalis
2492 1139 2710 1238 spatio

438 1238 728 1309 retinere
759 1239 922 1310 solet
949 1291 974 1326 ‚
1005 1240 1162 1309 cum
1197 1236 1563 1335 praesertim
1594 1239 1796 1309 causa
1835 1262 2108 1308 externa
2153 1262 2591 1311 commovens
2630 1238 2711 1312 id

442 1356 583 1406 tem
634 1338 800 1407 usin
829 1335 1296 1436 perturbando
1322 1340 1478 1408 a‘e're
1498 1337 1753 1408 servare
1780 1336 2009 1408 soleat.

602 1458 628 1504 t
679 1435 841 1509 vero
886 1438 1097 1508 etiam
1148 1437 1562 1536 experientia
1603 1436 1806 1507 docet
1837 1433 1923 1506 ab
1953 1437 2105 1510 aliis
2142 1431 2352 1509 caufis
2382 1435 2595 1533 quam
2622 1435 2712 1509 ab

437 1532 787 1607 ambiente
840 1534 1133 1607 serosum
1184 1536 1543 1606 humorem
1593 1560 2001 1633 conceptum
2065 1534 2402 1607 fervorem
2438 1535 2711 1608 tamdiu

440 1634 652 1705 etiam
696 1636 1026 1707 retinere:
1093 1659 1255 1705 nam
1298 1636 1371 1704 in
1416 1632 1810 1733 erysipelate
1856 1632 1942 1705 ab
2010 1633 2368 1705 iracundia
2416 1637 2710 1705 excitato

439 1756 846 1829 quanquam
881 1731 1169 1820 cessante
1199 1734 1318 1804 ina
1352 1739 1423 1807 &
1450 1735 1682 1804 anima
1712 1733 2193 1828 tranquillitati
2251 1732 2379 1805 suae
2405 1732 2713 1806 restituta

437 1832 889 1905 nihilominus
955 1831 1156 1906 dolor
1194 1827 1540 1929 fluxioque
1581 1836 1821 1934 vigent
1866 1836 1938 1904 in
2004 1830 2399 1933 erysipelate
2444 1834 2713 1904 circiter

437 1953 662 2002 unum
695 1931 900 2004 diem.
1389 2015 1396 2021 ,

542 2034 1027 2104 concludamus
1077 2037 1292 2130 itaque
1344 2033 1602 2103 diarias
1638 2031 1850 2122 febres
1876 2031 2022 2120 five
2066 2033 2327 2125 proprie!
2374 2028 2584 2102 ‘didas
2634 2029 2709 2104 ό·
2839 2037 3074 2146 Ῑῗῖἓῠηῦ

418 2127 777 2219 fhlitarias
807 2132 983 2220 ,five
1015 2137 1357 2228 improprie'
1376 2130 1581 2201 dicias
1609 2128 2018 2227 quoescilicet
2041 2141 2083 2203 ιὶ
2094 2134 2417 2225 fluxione
2441 2155 2559 2201 aut
2593 2134 2708 2202 do·
2747 2110 2856 2143 (οὓς
2877 2112 2904 2140 ⁰
2946 2114 2996 2143 θ’

438 2235 577 2298 lore
605 2234 1023 2316 excitantur,
1069 2240 1171 2303 vel
1209 2235 1366 2301 certe
1407 2259 1552 2302 cum
1598 2235 1819 2300 dolore
1822 2230 1988 2321 sunt
2017 2227 2408 2322 conjuncloe,
2448 2254 2521 2300 ut
2568 2258 2709 2326 quae

436 2328 849 2400 hemicrania·
866 2385 888 2418 ,
937 2333 1242 2425 vertigini
1276 2385 1299 2418 ,
1342 2353 1458 2399 aut
1492 2330 1847 2425 erystpelati
1881 2328 2139 2425 affident
2165 2381 2189 2414 ,
2224 2327 2379 2417 &st
2399 2343 2709 2424 quoesunt

438 2433 600 2499 aliae
634 2432 773 2522 ejus
808 2433 1058 2524 generis
1082 2483 1105 2517 ,
1162 2455 1534 2527 quanquam
1557 2432 1858 2522 plurimae
1884 2437 2086 2498 latent
2114 2423 2188 2497 ό·
2219 2453 2473 2521 propter
2503 2431 2712 2502 brevi·

435 2550 632 2598 tatem
666 2553 784 2598 aut
818 2532 1208 2624 parvitatem
1246 2535 1325 2599 ab
1349 2533 1611 2623 (egrotis
1620 2527 1859 2625 susque
1888 2531 2080 2624 deque
2089 2526 2400 2617 feruntur
2433 2525 2506 2599 ό·
2535 2535 2709 2600 citra

438 2632 954 2726 querimoniam,
996 2653 1185 2727 atque
1237 2634 1482 2723 pariter
1529 2632 1722 2699 etiam
1772 2632 2055 2719 medicqs
2073 2629 2342 2718 fallunt
2367 2677 2395 2707 ‚
2461 2631 2530 2697 in
2572 2656 2705 2700 uno

436 2727 680 2822 aquoso
709 2729 970 2799 humore
1019 2729 1329 2819 calefacio
1367 2752 1593 2818 praeter
1647 2750 1957 2794 naturam
1990 2750 2180 2817 atque
2213 2729 2544 2795 ebulliente
2557 2728 2704 2812 five

437 2826 767 2893 ichoribus
814 2825 1055 2909 biliosis
1082 2830 1412 2914 permixto
1461 2845 1774 2916 tanquam
1806 2822 2074 2913 proprio
2108 2820 2181 2889 ό
2215 2824 2699 2916 adaequatosire

440 2926 635 2995 totali
635 2922 703 3010 s
687 2919 924 3013 ubjeHo
951 2921 1265 2991 inhoerere.

537 3019 871 3118 Agedum
920 3045 1150 3091 autem
1184 3025 1254 3089 in
1288 3045 1508 3112 genere
1540 3018 1826 3109 febrium
1852 3071 1874 3105 ‚
1922 3043 2057 3115 quoe
2084 3017 2452 3089 humorales
2478 3018 2701 3091 dicun-

438 3145 551 3192 tur
573 3174 595 3207 ‚
636 3121 943 3217 inprimis
971 3142 1335 3192 occurrunt
1377 3118 1805 3213 synochist've
1837 3121 2230 3188 continentes
2258 3116 2330 3189 ό·
2354 3120 2701 3212 proesertim

439 3246 582 3317 quae
601 3223 907 3312 imputres
932 3222 1237 3290 dicuntur
1261 3242 1414 3314 quae
1443 3217 1595 3288 med
1608 3220 1685 3288 iae
1711 3218 1862 3288 sunt
1892 3218 2064 3287 inter
2105 3217 2359 3289 diarias
2387 3225 2455 3292 ὅ(
2482 3222 2697 3316 putri-
2739 3246 2801 3293 11.
2825 3248 3067 3310 smuttur,

440 3321 604 3403 das,
648 3317 694 3389 fi
752 3342 887 3387 non
935 3321 1158 3415 potius
1209 3318 1301 3390 ad
1362 3318 1754 3414 ephemeras
1811 3316 2039 3386 referri
2088 3313 2338 3387 debent
2379 3371 2402 3404 ,
2461 3342 2698 3415 utpote
2738 3306 2881 3353 ‘⁸²¹²'
2933 3309 3067 3367 ‘5¹¹⁰‘

2738 3361 2844 3409 thn
2920 3371 3070 3413 conti.

435 3443 736 3514 quarum
789 3413 1159 3487 essentiales
1208 3416 1634 3487 condit1ones
1670 3414 1818 3486 sunt
1844 3413 2099 3486 eaedem
2130 3441 2337 3512 atque
2380 3416 2698 3513 epheme-
2735 3426 3071 3542 affixaque·-

433 3541 668 3589 rarum
707 3570 729 3603 ,
781 3522 852 3588 &
904 3518 973 3587 in
1009 3515 1136 3586 hoc
1186 3539 1324 3586 uno
1372 3512 1692 3587 differunt
1748 3513 1834 3584 ab
1869 3516 1967 3586 his
1995 3542 2075 3586 ex
2094 3518 2438 3585 communi
2474 3515 2695 3587 medi·
2735 3552 2881 3582 mm.
2927 3545 3067 3599 ‚tmi-
3102 3573 3119 3581 „

2735 3610 2810 3638 nm
2839 3595 3014 3644 dierum

437 3641 682 3685 corum
721 3616 1044 3685 sententia
1077 3613 1270 3710 quod
1309 3640 1443 3686 non
1481 3617 1550 3684 in
1605 3613 1839 3713 spiritu
1872 3617 2139 3685 tantum
2177 3612 2286 3683 sed
2324 3614 2395 3684 in
2427 3613 2698 3712 sangui-
2736 3652 2853 3697 mem
2895 3631 3068 3712 subju:

435 3717 540 3785 nis
596 3710 806 3785 massa
856 3711 1048 3784 simul
1102 3718 1349 3785 haerent
1382 3768 1405 3803 ‚
1447 3715 1485 3784 ὲ.
1525 3719 1713 3803 cujus
1766 3713 2028 3786 fervore
2071 3712 2337 3783 fovetur
2371 3718 2441 3784 &
2470 3740 2699 3812 proro-
2734 3726 2828 3755 ‘⁰¹¹'
2852 3728 2951 3760 ‘¹²⁰‘
2986 3730 3066 3758 “-

2735 3769 2794 3814 τίς
2810 3772 3066 3827 ephemeri·

387 3884 394 3889 f
432 3837 646 3911 gatur
692 3812 958 3911 spiritus
1010 3811 1485 3885 inflammatio.
1519 3812 1781 3884 Verum
1812 3837 1889 3884 ut
1931 3810 2227 3909 ingenue
2256 3811 2451 3905 quod
2485 3813 2696 3885 sentio
2735 3826 2897 3874 babere
2920 3862 2935 3883 .
2973 3830 3065 3875 scit·

437 3914 672 3984 dicam
703 3915 1089 3982 continentes
1116 3917 1274 3982 certe’
1293 3913 1506 4001 febres
1535 3958 1560 3990 ,
1605 3939 1742 4006 quae
1793 3915 2006 3980 nullis
2056 3914 2402 4005 periodicis
2432 3940 2692 3983 exacer·
2734 3886 3064 3991 ffiss‘ssfiffiss‘ss.

432 4013 805 4080 bationihus
840 4059 865 4091 ,
914 4036 1031 4081 aut
1066 4011 1537 4108 remiffionibus
1563 4013 2094 4104 distinguuntur,
2119 4008 2239 4098 sed
2264 4013 2696 4106 &qualitatem
2736 4000 2791 4045 fi·
2835 4001 3060 4047 ebullien.

2732 4070 2820 4100 tem
2836 4089 2851 4108 ‚
2870 4060 2940 4104 sed
2963 4074 3058 4105 ma-

430 4110 507 4180 1⁰ss
553 4111 979 4184 continuitate
977 4116 1250 4205 serrant
1279 4162 1304 4200 ,
1355 4108 1604 4203 tamefi
1621 4118 1808 4193 Galo!
1848 4113 1920 4183 in
1954 4109 2042 4183 iis
2077 4107 2399 4205 yelfiryet
2438 4115 2697 4197 ‘undem
2735 4113 2810 4174 git
2886 4114 3057 4168 redun-
