3593 5087
839 351 860 360 n

927 388 1075 488 396
1193 381 1603 465 monet
1695 378 2230 464 ExTERNt
2326 385 2861 466 HAssrrus

931 522 1002 589 in
1039 513 1118 608 se
1148 544 1485 591 nervorum
1509 522 1841 615 principio
1881 523 2049 590 edere
2089 549 2193 593 eos
2224 520 2395 617 ipsos
2432 548 2644 597 motus
2653 524 3029 620 spasmodes
3052 580 3073 616 ,
3096 531 3199 601 ita

932 639 1006 690 ut
1034 614 1315 712 quoeseri
1338 645 1495 712 pars
1527 625 1825 690 cranium
1861 645 2051 691 extra
2077 622 2395 692 decurrere
2422 611 2810 724 &ildffluere
2836 630 3030 722 potest
3056 678 3079 707 ,
3126 654 3203 697 ea

561 700 894 813 ’,ωὲζοῖξῖᾗῗ
933 744 1064 788 meo
1088 720 1357 814 judicio
1381 743 1667 789 nontam
1693 720 1944 790 dolores
1978 722 2401 792 articulorum
2425 731 2689 794 concitet
2711 775 2733 809 ,
2767 752 2960 820 quam
2994 722 3206 821 ipsium

563 834 737 926 fffg‘m
758 820 893 867 “⁸⁰¹⁶
935 841 1138 890 cutem
1167 824 1237 889 in
1281 843 1589 889 tumorem
1638 828 1908 890 attollat
1939 869 1967 901 ,
1997 809 2209 917 'atque
2242 821 2826 918 leucophlegmatiae
2871 830 3205 922 quandam

931 921 1202 993 inducat
1225 921 1517 1014 speeiem.

1035 1019 1294 1091 Verum
1325 1017 1413 1089 de
1469 1019 1571 1089 his
1604 1016 1899 1090 motibus
1924 1017 2327 1093 convulfivis
2354 1018 2773 1120 disputatum
2822 1020 2979 1092 ant'e
3015 1023 3055 1092 ὲ
3087 1047 3209 1091 no-

929 1116 1032 1190 bis
1064 1119 1324 1217 plenius
1350 1117 1419 1186 in
1450 1115 1913 1189 observatione
1950 1120 2243 1217 lethargi
2282 1119 2611 1219 periodici
2643 1151 2656 1190 ε
2700 1147 2915 1216 quam
2945 1120 3208 1192 (1οᾶῐί-

930 1243 1100 1288 nam>
1123 1216 1212 1287 de
1240 1214 1808 1290 causa.motuum
1852 1214 2398 1298 convulfivorum
2434 1218 2521 1289 ab
2562 1244 2938 1318 occupante
2989 1218 3208 1291 setoso

929 1317 1217 1388 humore
1250 1316 1661 1415 principium
1705 1319 2375 1416 nervorumssrepetita
2432 1316 2719 1389 illustrat
2754 1315 3210 1389 consideratio

932 1415 1251 1515 temporis
1289 1413 1818 1485 exacerbationis
1851 1439 2089 1486 eorum
2138 1434 2453 1486 motuum
2488 1446 2502 1484 ε
2557 1416 2803 1487 scilicet
2856 1442 3104 1513 urgent
3136 1417 3210 1487 hi

932 1537 1157 1586 motus
1187 1510 1517 1585 duntaxat
1553 1511 1772 1583 somni
1812 1538 2118 1613 tempore
2144 1568 2167 1602 ,
2213 1513 2402 1610 quod
2452 1539 2589 1585 non
2654 1515 2862 1586 aliam
2908 1516 3000 1586 ob
3051 1541 3212 1586 cau·

929 1614 1073 1684 sam
1119 1614 1336 1686 evenit
1372 1614 1581 1706 quam
1622 1614 1787 1708 quia
1834 1610 1923 1682 ob
1967 1614 2231 1711 spiritus
2258 1614 2479 1684 vitalis
2505 1615 2543 1683 a
2575 1611 2875 1684 sensoriis
2921 1615 3212 1685 externis

931 1715 1005 1783 in
1032 1712 1378 1783 interiores
1413 1707 1587 1782 finus
1619 1708 1946 1782 refluxum
1972 1714 2190 1782 serum
2223 1714 2401 1782 circa
2435 1736 2547 1783 eos
2572 1711 2895 1811 stagnans
2952 1738 3209 1784 novum

932 1812 1269 1884 fervorem
1335 1805 1704 1880 neceffario
1775 1813 2074 1910 concipit
2104 1864 2126 1897 ‚
2213 1812 2445 1907 itaque
2511 1812 2921 1910 principium
2977 1833 3213 1883 nervo-

938 1935 1092 1982 rum
1143 1907 1471 1980 distendit
1539 1932 2001 2006 corrugatque
2069 1911 2140 1979 in
2208 1908 2271 1981 se
2330 1907 2613 2006 suasque
2681 1908 3025 1982 universas
3088 1936 3208 2009 ap-

941 2007 1283 2109 pendices.

600 2110 796 2220 ξᾳᾞὲο
819 2115 905 2215 Ᾱζ
937 2139 942 2142 ⁴
1044 2108 1172 2180 His
1211 2109 1443 2203 itaque
1476 2104 1559 2179 fic
1604 2104 1982 2178 constitutis
2023 2109 2445 2201 Agendorum
2487 2109 2917 2178 Indicationes
2966 2102 3209 2203 quibus

574 2186 904 2301 ssftssllssssnds.
934 2211 1212 2279 ‘Curatio
1243 2204 1741 2306 propofitorum
1772 2204 2136 2278 affectuum
2181 2205 2394 2305 potest
2433 2205 2731 2300 ⁴obtineri
2767 2207 2959 2277 nullo
2994 2231 3208 2304 nego-

580 2288 904 2409 ‘f'c‘gss'ffssfnmm
941 2310 1041 2382 tio
1095 2308 1239 2380 erui
1282 2302 1569 2406 possunt.
1626 2305 1981 2377 Nimirum
2034 2308 2363 2401 quoniam
2392 2304 2659 2376 dolores
2694 2305 3104 2397 arthritici(
3138 2328 3204 2375 ut

942 2410 1319 2477 omittamus
1346 2408 1774 2475 indicationes
1813 2431 1979 2499 quas
1997 2407 2206 2495 febris
2242 2399 2404 2494 exse
2444 2404 2691 2473 exhibet
2712 2456 2734 2490 ,
2766 2408 3001 2499 quippe
3025 2427 3207 2473 extra

941 2508 1221 2594 nostrum
1251 2504 1673 2599 instttutum)
1700 2505 2162 2574 continentem
2195 2501 2442 2575 habent
2468 2502 2738 2574 causam
2775 2501 3060 2574 serosam
3106 2503 3206 2572 di·

942 2606 1195 2675 luviem
1221 2606 1481 2702 magna
1508 2606 1578 2675 vi
1632 2609 1703 2676 &
1745 2603 2011 2700 impetu
2043 2604 2359 2673 articulos
2408 2604 2844 2701 impetentem
2873 2656 2897 2687 ,
2922 2604 3037 2672 cui
3068 2627 3212 2672 mo-

942 2704 1043 2772 tui
1079 2702 1384 2774 ebullitio
1426 2702 1545 2790 seri
1595 2698 1928 2773 fervorem
1968 2701 2311 2799 sanguinis
2345 2701 2751 2795 consequens
2794 2700 3048 2801 praebet
3082 2702 3207 2772 ini-

919 2800 1114 2873 'tium
1143 2855 1167 2890 ,
1197 2800 1498 2896 inprimis
1534 2795 1705 2890 sane·
1735 2796 2073 2894 orgasmus
2126 2800 2201 2870 ό·
2237 2799 2463 2889 fervor
2502 2800 2606 2894 bic
2649 2804 2928 2870 coerceri
2966 2804 3131 2869 debet
3180 2853 3205 2887 ,

916 2901 1248 2998 simulque
1273 2930 1348 2971 co
1395 2895 1595 2988 iaseu
1631 2902 1966 2990 plenitudo
1981 2899 2117 2990 seri
2142 2901 2489 2969 minuenda
2515 2951 2540 2985 ,
2588 2923 2665 2969 ut
2691 2924 3096 2994 quanquam
3136 2896 3206 2967 id

620 3059 650 3073 a
943 3000 1079 3071 una
1124 3025 1282 3071 cum
1321 2930 1650 3092 singuine
1685 2995 1966 3068 ebulliat
1993 3049 2015 3083 ,
2047 3021 2182 3067 non
2213 3023 2443 3069 tamen
2492 2996 2669 3069 adeo
2705 2997 2840 3069 late
2870 2996 3211 3069 exundare

842 3182 852 3195 .
944 3122 1152 3191 queat
1177 3150 1200 3183 ‚
1242 3100 1314 3168 ut
1353 3096 1675 3167 articulos
1698 3093 2043 3168 distendat
2073 3127 2089 3166 ε
2120 3097 2334 3166 deinde
2370 3096 2600 3167 humor
2625 3099 2905 3193 quijam
2933 3100 3210 3194 influxu

787 3240 790 3241 ν
867 3263 879 3276 ,
950 3196 1386 3281 discutiendus
1428 3200 1625 3288 plane
1654 3247 1674 3279 ,
1709 3219 1847 3265 tum
1888 3199 2035 3268 νενὸ
2094 3197 2279 3265 dolor
2319 3198 2769 3265 demulcendus
2819 3200 2994 3264 omni
3049 3217 3205 3264 arte.

585 3270 910 3391 ‹sinui-2222?
949 3294 1169 3390 Atqui
1202 3298 1593 3366 coercebitur
1609 3290 1746 3385 seri
1784 3289 2231 3387 gargaltsmus
2251 3346 2271 3379 ,
2298 3293 2379 3382 st
2389 3293 2742 3387 sanguinis
2773 3292 2965 3388 ipstus
2977 3290 3209 3381 servor

584 3383 910 3487 22223‘2ffiffl
948 3396 1387 3491 conquiescat:
1416 3395 1751 3489 quoniam
1774 3419 2004 3465 autem
2038 3392 2313 3466 fervoris
2344 3393 2542 3478 hujus
2583 3388 2784 3483 causa
2823 3392 3077 3491 partim
3118 3390 3214 3462 est

949 3520 1260 3582 externa,
1295 3496 1544 3592 partim
1588 3495 1842 3561 interna
1870 3541 1897 3572 ,
1927 3517 2133 3587 atque
2160 3514 2426 3561 externa
2478 3489 2764 3585 quidem
2794 3488 3211 3589 potiffimilm

951 3593 1044 3666 est
1070 3595 1527 3665 in·ambiente
1569 3585 1826 3686 polita,
1866 3591 2332 3671 commotione
2383 3589 2632 3661 scilicet
2684 3593 2827 3677 ejus
2888 3586 3026 3662 five
3078 3592 3213 3661 evi·

952 3693 1156 3764 dente
1181 3747 1203 3781 ,
1259 3690 1387 3767 five
1436 3686 1718 3760 obscura
1760 3694 1831 3760 &
1887 3712 2117 3785 tepore
2155 3687 2466 3782 quodam
2491 3738 2512 3770 ,
2563 3690 2674 3760 vel
2714 3690 3057 3759 contrario
3099 3688 3216 3757 fri-

955 3814 1164 3887 gore,
1208 3792 1479 3887 utrique
1521 3786 1693 3859 aeris
1737 3787 2003 3875 injuriae
2030 3783 2077 3854 fi
2118 3786 2212 3857 est
2260 3789 2332 3855 in
2382 3783 2610 3867 nostra
2642 3784 3013 3886 potestate,
3051 3811 3212 3854 con-

591 3886 918 3998 ‘lgffiifgfssg
957 3889 1162 3959 traria
1197 3892 1571 3960 alteratione
1601 3883 2123 3984 providendum.
2177 3890 2441 3958 Internoe
2478 3911 2636 3959 vero
2668 3881 2876 3976 causae
2902 3886 3063 3979 quia
3090 3884 3209 3955 vel

588 3969 919 4077 §opedam-
958 3987 1030 4056 in
1075 3988 1455 4083 plethoram
1514 3986 1901 4081 sanguinis,
1953 3985 2061 4059 vel
2089 3987 2175 4055 in.
2212 3982 2561 4056 aestuosam
2590 3983 2921 4056 viscerum
2972 3983 3213 4053 intem-

589 4079 784 4159 ¹¹⁸⁸t“⁸¹'
933 4090 1256 4182 spetiem,
1278 4087 1387 4163 vel
1435 4087 1506 4159 in
1526 4089 1729 4160 totius
1768 4082 2038 4161 habitus
2066 4082 2515 4159 refunduntur
2542 4080 2946 4157 densitatem
2971 4135 2998 4174 ,
3024 4085 3229 4173 cuius
