3593 5087
987 358 1077 439 Ἀ.
1158 328 1822 440 εοιιύνιε
1921 360 2421 445 senon.
2621 366 2861 476 485„

504 490 593 594 est
617 548 640 583 ,
670 510 885 566 tenues
947 487 1022 562 ό·
1081 516 1294 587 aqueoe
1317 492 1532 561 dilirii
1581 494 1843 563 comites
1898 489 2162 582 adeffent
2190 542 2214 575 ,
2258 498 2388 560 imo
2429 488 2522 559 hae
2572 493 2777 560 urinae

499 603 808 691 perpetu'oe
857 614 990 662 toto
1019 594 1222 660 morbi
1242 585 1503 680 decursu
1537 639 1565 671 ‚
1598 591 1710 687 qui
1730 592 1807 660 ob
1846 589 2293 661 vehementiam
2323 590 2566 688 hyemis
2587 593 2778 686 quin-

514 695 878 791 quemssris
901 689 1047 779 fuit
1081 741 1105 776 ‚
1146 686 1267 779 sed
1283 689 1622 780 salutaris
1663 714 1875 759 tamen
1901 740 1925 775 ‚
1958 689 2136 779 satis
2187 689 2580 780 ostenderunt
2642 688 2779 759 unci.

512 819 662 863 cum
706 792 907 862 morbi
949 793 1134 859 exitu
1147 785 1383 879 focum
1406 792 1770 881 putredinis
1781 787 1929 874 five
1966 789 2363 880 ebullitionis
2409 791 2479 858 in
2527 814 2658 858 uno
2666 787 2781 878 se-

497 890 654 984 tofi)
701 890 958 962 humore
996 887 1291 981 exstitiffi
1337 891 1656 981 praecipue'
1703 917 1728 955 .·
1757 885 2006 974 tamefi
2048 911 2179 954 non
2208 889 2467 956 dubium
2515 889 2594 980 ςΙΙ
2642 884 2779 956 unci.

503 1017 754 1086 quoque
807 991 1103 1081 negarim
1165 988 1545 1081 quandoque
1587 988 1780 1055 etiam
1825 987 2033 1079 ipsum
2052 987 2448 1078 sanguinem
2501 1007 2780 1079 quatuor

503 1090 798 1159 humores
826 1094 1238 1180 complexum
1273 1081 1750 1177 computrescere
1776 1108 1895 1153 aut
1928 1085 2119 1152 etiam
2149 1084 2434 1153 comburi
2461 1111 2475 1151 ε
2505 1083 2784 1178 quoesci-

506 1190 655 1260 licet
662 1186 874 1278 febres
906 1186 1261 1281 pleonexia
1291 1190 1512 1272 Jerosa
1520 1183 1851 1273 scatentia
1873 1209 2147 1276 corpora
2180 1186 2499 1254 invadunt
2526 1181 2597 1251 ό·
2620 1181 2785 1273 ejus-‘-

506 1290 646 1357 dem
686 1289 878 1355 etiam
931 1281 1382 1381 effervescentis
1437 1275 1754 1378 effecit‘bus
1793 1278 2262 1376 sj‘mptomatis
2319 1283 2534 1354 variis
2594 1282 2782 1350 modo'

507 1387 835 1455 enarratis
915 1381 1350 1473 incursantur.
1397 1380 1651 1477 Neque
1711 1382 1896 1462 enim
1956 1380 2195 1454 desunt
2254 1378 2466 1451 febres
2520 1403 2673 1474 quae
2707 1381 2783 1450 in

500 1481 851 1579 sanguinis
895 1475 1109 1551 massa
1135 1503 1443 1579 pun-ente
1473 1505 1590 1551 aut
1636 1479 1930 1552 ustulata
1955 1476 2147 1550 fimul
2182 1505 2339 1551 cum
2386 1478 2602 1550 seresii
2624 1504 2785 1576 pat-

502 1604 571 1655 te
611 1581 972 1654 ebulliente
1019 1579 1251 1651 focum
1306 1578 1600 1667 habent,
1650 1584 1842 1668 cujus
1882 1581 2148 1678 generis
2218 1579 2367 1650 sunt
2414 1602 2552 1665 eae,
2625 1601 2783 1671 quae

445 1733 448 1738 -
501 1706 793 1779 corpora
816 1679 1189 1779 plethorica
1216 1679 1659 1774 carnosaque,
1687 1679 1923 1775 qualia
1942 1677 2441 1749 adolescentem
2468 1676 2783 1750 infestant

513 1804 728 1852 verno
771 1779 1133 1878 praesertim
1183 1801 1490 1875 tempore
1533 1803 1741 1874 atque
1793 1776 2017 1848 aestate
2052 1830 2075 1863 ,
2145 1775 2393 1872 quibus
2458 1778 2783 1875 tempori-

499 1874 627 1950 bus
659 1873 1006 1951 effluvium
1058 1901 1356 1970 aqueum
1389 1876 1680 1949 liberum
1713 1875 1851 1954 est3
1907 1875 2152 1973 quibus
2190 1900 2415 1948 tamen
2460 1878 2531 1946 in
2575 1875 2781 1948 febri-

502 1975 628 2049 bus
664 1974 1013 2077 probabile
1063 1976 1159 2048 est
1202 1976 1485 2047 serosam
1525 1977 1891 2050 colluviem
1938 1972 2361 2047 occasionem
2402 1974 2777 2075 putredinis

501 2077 781 2170 reliquae
829 2072 1051 2149 maffae
1091 2074 1508 2148 redundanti
1553 2073 1987 2147 Occaslonem-
2017 2070 2278 2173 dedisse
2302 2129 2327 2163 ,
2360 2100 2435 2146 ut
2477 2073 2571 2146 est
2617 2072 2775 2146 ante

495 2173 803 2273 pluribus
838 2174 1258 2274 argumentis
1287 2174 1859 2246 demonstratum„
2444 2221 2449 2226 -
2617 2191 2647 2216 ³
2996 2267 2999 2268 7

606 2273 705 2346 At
751 2275 936 2344 enim
975 2274 1136 2347 vero
1177 2272 1367 2344 idem
1413 2273 1750 2362 judicium
1779 2271 1907 2346 effe
1931 2271 2020 2345 de
2046 2276 2315 2371 reliquis
2324 2272 2621 2366 fibribus
2657 2299 2772 2367 pu·
2859 2290 2939 2337 lv·
2965 2291 3144 2362 stagna·

500 2373 843 2462 aridis-five
879 2377 1201 2447 continuis
1216 2372 1364 2461 five
1411 2378 1973 2446 intermittentibus
1995 2423 2018 2458 ,
2050 2372 2243 2469 quod
2288 2374 2377 2446 de
2412 2373 2719 2466 synochis
2748 2427 2771 2462 ‚
2814 2349 3141 2466 ζῗῖὧῗιὶῗῖἓω

501 2472 722 2545 multa
781 2471 999 2546 habeo
1041 2472 1456 2545 doc‘umenta
1486 2527 1508 2561 ‚
1558 2499 1711 2571 quae
1750 2499 2123 2571 antequam
2162 2471 2511 2572 sigillatim
2556 2475 2767 2572 expli·
2811 2466 3152 2571 ξῗξζζῗοξᾎζξ,

499 2598 694 2671 cem,
737 2573 1267 2673 supponendum
1279 2571 1564 2664 febrium
1622 2578 2093 2648 continuarum-
2134 2579 2383 2670 quidem
2413 2573 2771 2667 sttbjeflum
2805 2581 2952 2639 ⁴¹1²».
3209 2569 3217 2576 ”

499 2670 612 2765 effi
638 2676 1034 2765 stinguinem
1077 2673 1506 2766 cujustunque
1544 2674 1942 2761 naturoesive
1974 2672 2354 2760 arteriofitm
2381 2673 2528 2761 five
2583 2702 2778 2748 veno·

482 2769 644 2859 siem
674 2816 699 2846 ,
721 2769 1366 2858 pituitosumscilicee
1392 2770 1515 2857 seu
1546 2774 1817 2838 crudum
1845 2814 1877 2846 ‚
1924 2769 2224 2857 biliosum
2258 2815 2286 2846 ‚
2316 2778 2419 2838 vel
2465 2778 2777 2841 atrabila-

502 2891 635 2936 rem
660 2916 682 2950 ‚
767 2867 1085 2960 uicunque
1117 2868 1397 2934 occurrit
1422 2867 1495 2933 in
1538 2870 1720 2935 venis
1738 2916 1764 2952 ,
1808 2890 1943 2934 tam
1975 2868 2045 2935 in
2050 2867 2396 2960 stipitibus
2446 2892 2613 2939 cava
2629 2869 2777 2960 sci-

504 2967 656 3035 licet
792 2987 988 3057 porta
1021 2987 1297 3059 utraque
1316 3014 1342 3050 ,
1385 2988 1640 3035 necnon
1663 2962 2023 3047 ramisfive
2075 2969 2163 3034 ad
2205 2988 2544 3036 externum
2582 2975 2776 3064 usque
2806 3022 2830 3029 -

504 3063 792 3133 habitum
829 3065 1294 3156 pertinentibus
1309 3062 1456 3149 five
1498 3065 1587 3133 ad
1629 3087 1851 3158 parte-s
1900 3063 2202 3154 inferiore
2241 3088 2457 3136 uentre
2508 3075 2776 3138 conclu-

482 3165 613 3258 fits
639 3214 663 3248 ‚
704 3164 909 3258 quiim-
949 3164 1019 3232 in
1047 3164 1380 3234 radicibus
1417 3169 1752 3233 eorundem
1791 3186 2164 3235 truncorum
2211 3165 2631 3258 diffiminatis
2659 3194 2774 3260 per

439 3274 442 3275 ’
500 3261 695 3357 lupar
735 3258 813 3331 ό·
865 3265 1136 3337 lienem
1180 3259 1293 3332 sed
1348 3260 1431 3332 ea
1480 3262 1681 3361 copia
1727 3261 2092 3360 aggestum
2146 3268 2216 3336 &
2263 3264 2431 3335 alias
2479 3265 2773 3337 inculca-

504 3383 656 3431 tum
676 3412 700 3447 ‚
736 3385 811 3432 ut
841 3362 997 3431 cum
1045 3362 1307 3431 ratione
1345 3362 1804 3434 ventilationis
1831 3361 2184 3460 prohibitae
2215 3363 2263 3433 ὲ.
2286 3362 2631 3461 suppressis
2659 3363 2770 3436 fu-

503 3456 832 3556 liginibus
873 3460 1229 3532 incalescat
1257 3465 1327 3533 &
1363 3458 1794 3558 putredinem
1835 3464 2175 3561 concipiat
2223 3487 2339 3532 aut
2378 3461 2712 3534 ustionem
2736 3517 2762 3550 ,

500 3559 627 3630 has
648 3555 1030 3630 affeffiones
1054 3558 1264 3654 usque
1299 3562 1367 3632 δε
1405 3557 1614 3654 usque
1642 3560 2152 3659 progredientes
2200 3561 2269 3628 in
2316 3561 2523 3631 aliam
2554 3585 2763 3658 atque

506 3657 720 3728 aliam
750 3658 1107 3731 materiam
1159 3656 1268 3730 seu
1313 3658 1646 3730 mineram
1686 3659 1804 3733 fibi
1837 3663 2095 3760 quippe
2154 3660 2621 3732 continuatam
2691 3668 2765 3733 δε

502 3757 762 3853 magnii
801 3754 1157 3855 aggestam
1202 3758 1403 3858 copia
1433 3809 1457 3842 ‚
1505 3783 1630 3829 nec
1699 3759 1822 3831 nisi
1874 3763 2096 3858 plures
2141 3762 2322 3830 intra
2372 3758 2518 3830 dies
2565 3759 2766 3833 facile

492 3855 925 3929 tesolubilem
955 3882 1070 3928 aut
1100 3860 1168 3929 in
1197 3860 1450 3930 cineres
1482 3858 1882 3933 mutabilem
1916 3859 2280 3933 diutissime
2315 3860 2616 3934 retineat.

579 3957 896 4064 ‘Febrium
969 3980 1179 4027 autem
1243 3961 1819 4031 intermittentiumj
1852 3964 2187 4032 materiam
2243 3961 2767 4061 supponendum
2838 3960 2966 4011 σω
2988 3960 3153 4015 ‘'m'‘

492 4050 782 4149 91111311ὲ
818 4050 954 4131 effe
995 4056 1334 4167 triplicem
1397 4056 1595 4153 mam
1629 4060 2145 4167 cacochymiam
2177 4061 2516 4146 famosam
2558 4065 2761 4175 fiqui*
2798 4022 3145 4097 uiuenti-02.

3152 4258 3165 4285 t

1129 4314 1153 4354 Ι
