3593 5087
786 448 838 498 x

434 592 520 637 qn·
591 582 766 640 generi·
790 546 1130 624 coethiam
1158 601 1181 638 ,
1234 542 1495 629 facinus
1521 542 1934 650 arrogantiae
1969 540 2255 649 pienum
2315 542 2446 624 effe
2475 572 2578 625 tot
2607 546 2942 652 tantisque
2971 546 3046 630 in

434 639 765 747 ἷὲῗῖῗῐζᾎὶζξξζ
791 650 936 725 dies
989 647 1176 721 libris
1222 648 1601 747 sapientum
1645 649 2026 724 obtundere
2069 650 2292 755 capita
2340 705 2364 740 ,
2431 654 2664 726 oculos
2699 654 2992 754 fatigare
3024 684 3050 737 t

439 752 521 800 ⁸³⁰·
724 776 727 779 ’
785 750 1008 822 multo
1056 748 1217 828 vero
1268 752 1492 825 minus
1522 748 2052 852 permittendam
2094 776 2247 821 eam
2297 753 2672 824 novitatem
2701 808 2725 843 ,
2788 779 2938 851 qute
2966 761 3038 833 ὃς

780 850 1211 945 antiquitatis
1233 853 1514 925 oracula
1555 851 1822 951 spernat
1859 856 1927 924 ὅς
1959 848 2428 923 inauditorum
2452 850 2866 950 dogmatum
2895 880 3046 926 tan-

781 974 998 1043 quam
1051 950 1580 1045 perniciosarum
1650 951 1985 1023 haereseeon
2033 949 2236 1039 jadket
2273 949 2680 1048 spargatque
2736 951 2988 1024 semina
3017 983 3045 1034 ς

777 1049 968 1119 illinc
1006 1048 1735 1137 scioli&ardeliones,
1768 1048 2017 1144 quibus
2042 1049 2216 1119 nihil
2238 1047 2357 1120 nili
2393 1051 2591 1121 suum
2641 1049 3039 1147 quidquam

722 1192 725 1195 -
777 1146 1042 1244 placere
1080 1147 1300 1255 potest
1336 1201 1358 1236 ,
1396 1152 1522 1244 qui
1578 1148 1914 1224 universas
1963 1172 2137 1219 artes
2192 1154 2262 1222 &
2324 1149 2624 1220 scientias
2682 1151 3079 1248 supercilio.

775 1246 898 1316 suo
932 1300 956 1334 ‚
1008 1273 1339 1343 tanquam
1395 1251 1654 1320 coelum
1709 1248 2005 1327 humeris
2061 1246 2363 1320 Atlantis
2414 1250 2614 1320 inniti
2648 1251 3042 1324 existiman-

730 1369 873 1417 ·*tes
896 1397 918 1431 ,
972 1371 1053 1417 ac
1092 1362 1337 1421 omnes
1376 1349 1546 1419 alios
1590 1372 1737 1447 prae
1780 1348 1916 1419 sese
1952 1344 2236 1418 blennos
2267 1400 2289 1435 ,
2345 1346 2596 1420 bardos
2656 1373 3042 1449 reputantes

771 1442 1037 1517 labores
1080 1446 1338 1518 nostros
1386 1450 1744 1521 calumniis
1775 1447 2167 1545 oppriment
2200 1499 2222 1534 ,
2279 1447 2642 1543 nostraque
2684 1448 2862 1520 sensa
2899 1454 3046 1521 ina·-
3086 1446 3100 1466 ⁸

772 1544 1003 1614 nitatis
1035 1544 1506 1633 damnabunt,
1545 1553 1617 1623 ὅ(
1639 1570 1974 1641 tanquam
1999 1569 2419 1641 nugamenta
2447 1546 2556 1617 seu
2578 1550 2744 1641 aegri
2779 1546 3041 1621 somnia

773 1642 1218 1739 sugillabunt.
1262 1643 1483 1739 Atqui
1519 1642 1564 1713 fi
1615 1646 1851 1715 contra
1895 1642 1988 1713 ad
2022 1644 2404 1741 sapientum
2442 1642 2749 1716 subsellia
2788 1696 2812 1731 ‚
2855 1651 2924 1718 &
2966 1648 3041 1717 in

772 1744 1008 1839 primis
1039 1743 1133 1814 ad
1170 1743 1517 1841 sapientiae
1546 1765 1677 1819 tuae
1726 1742 2060 1829 tribunal,
2087 1741 2452 1838 aeqmffime
2484 1750 2553 1817 &
2582 1742 3043 1816 cordatissime

769 1840 1099 1939 Princeps
1159 1894 1181 1929 ,
1269 1867 1716 1940 provocemus
1756 1895 1781 1930 ‚
1852 1841 2107 1934 dieque
2154 1842 2342 1913 dicta
2410 1841 2712 1913 sistamus
2761 1893 2785 1928 ,
2848 1843 3042 1915 haud

771 1939 1019 2014 dubito
1059 1967 1256 2013 voces
1307 1943 1457 2012 illas
1484 1942 1853 2017 hominum
1886 1939 2221 2013 desidiam
2258 1940 2447 2011 suam
2476 1994 2500 2026 ,
2558 1942 2666 2014 vel
2700 1941 3042 2014 invidiam

769 2040 990 2139 specie
1036 2042 1200 2112 reffl
1246 2040 1621 2115 velantium
1663 2043 1862 2115 citius
1899 2093 1924 2128 ,
1985 2041 2195 2135 quam
2246 2040 2286 2111 *a
2339 2041 2472 2111 levi
2516 2064 2720 2114 vento
2751 2040 3042 2136 proster-

771 2165 1024 2213 nuntur
1091 2140 1262 2211 folia
1345 2140 1587 2213 farfari
1637 2194 1662 2229 ‚
1750 2140 1841 2213 ab
1907 2139 2090 2212 hisce
2171 2138 2513 2237 sapientiae
2592 2137 2876 2210 decretis
2954 2140 3042 2211 iri

772 2233 1136 2313 difflatum.

427 2353 745 2434 nonu-negt„-
876 2334 1145 2406 Scilicet
1194 2334 1583 2410 hominibus
1616 2334 2139 2432 ingenuis&ad
2168 2332 2692 2433 imperandum,
2743 2360 2882 2406 non
2907 2333 3041 2408 ser-

421 2425 558 2467 mm
582 2414 637 2457 ’ἀ
663 2432 747 2461 '¹¹¹‘
780 2433 1108 2509 viendum
1132 2436 1305 2505 natis
1356 2436 1528 2507 hanc
1582 2429 1709 2505 effe
1749 2432 1988 2504 datam
2012 2435 2051 2501 ὲ,
2085 2432 2156 2502 su
2211 2458 2397 2502 remo
2441 2430 2758 2530 Principe
2785 2459 2866 2503 ac
2885 2460 3042 2506 mo-

418 2470 664 2521 perandum

419 2508 756 2639 ἕζζῐωζξζξ
782 2533 1096 2610 deratore
1130 2530 1419 2610 universi
1449 2531 1982 2605 honestissimam
2021 2458 2305 2629 quiXem
2332 2583 2355 2620 ,
2401 2530 2510 2610 sed
2553 2530 3038 2608 difficiilimam

417 2640 533 2688 zum.
719 2627 731 2638 ”
781 2636 942 2709 vitae‘
1007 2636 1186 2704 circa
1249 2632 1761 2734 Philosophiam
1823 2638 1906 2724 δε,
1951 2657 2206 2703 naturae
2254 2656 2618 2728 rerumque
2664 2635 2974 2705 omnium
3011 2687 3040 2723 ,

777 2759 931 2829 quae
979 2734 1141 2804 coeli
1174 2758 1500 2831 terraeque
1552 2730 1817 2808 ambitu
1861 2734 2285 2803 continentur
2315 2785 2338 2818 ,
2383 2734 3036 2831 contemplationem

775 2858 856 2902 ac
888 2831 1191 2904 studium
1218 2835 1743 2933 occupationem
1771 2885 1794 2918 ,
1840 2857 1915 2903 ut
1952 2859 2029 2904 ex
2091 2833 2207 2903 illa
2258 2834 2327 2902 in
2362 2832 2680 2902 notitiam
2707 2832 2804 2902 sui
2840 2857 3030 2903 crea-

775 2935 934 3006 toris
960 2935 1187 3004 venire
1214 2985 1237 3018 ‚
1280 2932 1372 3006 ad
1420 2934 1645 3031 agniti
1676 2935 1939 3004 cultum
1967 2939 2035 3005 <St
2064 2956 2370 3001 amorem
2402 2931 2677 3002 excitari
2710 2984 2734 3019 ,
2765 2954 3036 3003 amato-

775 3057 911 3126 que
936 3028 1193 3132 possent
1221 3033 1352 3104 frui
1384 3058 1543 3104 cum
1569 3030 1780 3106 beatis
1805 3033 1937 3106 illis
1962 3029 2298 3103 mentibus
2317 3082 2339 3117 ,
2380 3053 2535 3124 quae

1082 3137 1449 3203 Immortali
1476 3159 1608 3205 oevo
1626 3134 1895 3221 summai
1932 3159 2078 3202 cum
2117 3159 2269 3224 pace
2290 3128 2620 3218 fruuntur
2642 3157 2673 3205 ,-

419 3240 744 3342 ξὶιίιιιῐειροςιοε
780 3234 849 3310 ὅς
900 3255 1017 3328 per
1046 3257 1197 3302 eam
1231 3230 1434 3330 porro
1460 3256 1911 3329 quaecumque
1961 3229 2289 3300 societatis
2320 3228 2633 3296 humanat
2659 3225 3031 3322 speRat-ent

417 3313 750 3422 um‘hz'ffp'sssl
776 3329 1143 3402 commoda
1172 3329 1290 3410 sibi
1308 3333 1379 3404 vi
1400 3333 1662 3428 ingenii
1693 3329 2153 3422 diuturnaque
2190 3324 2633 3396 meditatione
2685 3331 2754 3398 δε
2793 3323 3030 3400 labore

415 3410 604 3468 “³¹¹⁰‘'
776 3428 1155 3514 obtinerent
1183 3482 1207 3514 ‚
1232 3427 1564 3525 siquidem
1588 3429 1874 3501 facultas
1890 3430 2109 3498 omnis
2127 3426 2163 3494 ”a
2189 3425 2342 3496 Deo
2368 3421 2670 3494 instituta
2690 3480 2713 3509 ,
2742 3423 2832 3494 ad
2839 3430 2979 3513 juta
3000 3476 3029 3512 ,

772 3530 1315 3623 confirmataque
1358 3528 1603 3627 plane,
1668 3525 1984 3599 distinete
2010 3579 2033 3612 ,
2095 3518 2384 3600 definite'
2427 3548 2506 3593 ex
2554 3523 2767 3594 animi
2813 3521 3022 3597 nostri

766 3628 1090 3704 sententia
1134 3681 1157 3716 ,
1220 3653 1301 3698 ac
1348 3626 1649 3702 evidenti
1694 3624 2049 3697 causarum
2100 3623 2502 3722 cognitione
2547 3623 2807 3721 semper
2864 3648 3026 3721 pro-

762 3726 1085 3823 greditur
1113 3780 1135 3814 ,
1195 3726 1387 3825 quod
1420 3727 1534 3799 ille
1565 3726 1769 3797 totius
1818 3723 2080 3796 ordinis
2107 3748 2186 3793 ac
2215 3722 2536 3798 universae
2561 3725 2841 3794 rationis
2866 3724 3022 3819 opi-

766 3831 872 3898 fex
924 3824 1272 3900 Maximus
1294 3880 1317 3913 ,
1373 3853 1457 3898 ne
1483 3823 1751 3921 aliquid
1808 3849 2040 3898 contra
2071 3821 2382 3894 ordinem
2417 3846 2500 3890 ac
2535 3822 2861 3893 terminos
2887 3821 2926 3889 ὲ,
2953 3820 3022 3892 se

762 3922 1159 3999 constitutos
1181 3924 1409 3994 moliri
1438 3925 1746 3997 videatur
1771 3976 1794 4009 ,
1832 3923 2015 4006 τοιβῖ
2054 3922 2272 4011 a'ao‘yv
2291 3973 2315 4005 ‚
2365 3921 2608 4006 ἓτὲχνῳ
2635 3970 2659 4005 ,
2710 3946 2812 3992 και
2852 3919 3024 3997 αἱμυ-

672 4061 681 4070 ·
763 4033 927 4113 κύω
969 4023 1195 4093 favere
1244 4047 1361 4096 aut
1418 4022 1742 4120 opituiari
1790 4047 1925 4098 non
1981 4021 2166 4091 solet.
2211 4017 2479 4092 Idcirco
2521 4018 2759 4113 ingens
2789 4017 3028 4089 causa-

768 4149 921 4196 rum
984 4117 1393 4196 desiderium
1437 4118 1827 4194 hominibus
1869 4123 1909 4192 *a
1952 4119 2194 4191 natura
2223 4115 2390 4188 bene
2427 4115 2807 4187 informatis
2838 4115 3024 4186 indi-

768 4249 915 4300 tum
948 4216 1078 4304 effe
1103 4274 1127 4313 ,
1169 4220 1362 4330 quod
1409 4219 1690 4301 Catonis
1724 4219 2064 4320 sapientiae
2085 4215 2422 4295 Romame
2460 4213 2827 4317 Coryphaei
2856 4239 3029 4292 con-
