3593 5087
1069 200 1104 208 a*

907 411 1057 504 424
1206 401 1626 480 MORBI
1703 397 2233 504 Exi-Eum
2304 346 2857 475 H'ABITUs

903 527 1035 599 rius
1063 529 1402 625 porrestos
1428 531 1730 628 attigerit
1755 583 1779 617 ‚
1835 531 2349 629 impleveritque
2386 528 2633 599 horum
2682 550 2852 598 cava
2889 575 2911 609 ‚
2961 522 3149 597 unde

901 619 1190 723 urgente
1242 630 1496 725 magna
1535 632 1604 700 vi
1644 653 1850 722 atque
1893 631 2149 726 impetu
2191 626 2489 699 fluxione
2544 620 2802 695 necesse
2832 621 2923 693 est
2955 625 3149 693 colli-

899 723 1138 824 gentia
1173 750 1457 824 corpora
1482 728 1750 826 impleri
1781 725 2213 820 distendique
2229 780 2253 814 ‚
2285 729 2514 822 itaque
2535 723 2850 795 dolorem
2877 719 3155 793 succres-

902 849 1072 895 cere.
1107 821 1343 917 Atque
1379 828 1475 895 ita
1513 823 1589 895 fit
1633 827 1951 899 bacienus
2002 826 2412 897 satisfaRum
2446 818 2733 920 quaesitis
2760 822 2834 890 de
2885 821 3151 908 mobili,

906 950 989 994 ac
1013 946 1250 991 motore
1269 974 1290 1007 ,
1314 922 1564 1017 spatiis
1587 948 1775 1020 atque
1802 927 2097 994 terminis
2124 950 2358 995 motus.

1005 1022 1340 1093 Nimirum
1378 1026 1605 1092 mobile
1643 1027 1957 1119 estserum
1988 1035 2089 1096 vel
2125 1051 2298 1120 aqua
2325 1022 2578 1115 utrique
2582 1019 2913 1113 sanguini
2948 1011 3161 1114 affusi:

903 1124 1198 1213 plurima
1217 1172 1237 1202 ,
1276 1128 1349 1191 6·
1371 1147 1504 1212 proe
1529 1129 1740 1192 calore
1772 1126 2121 1191 exundans
2147 1130 2177 1194 ε’
2202 1121 2413 1209 vast-53
2441 1143 2897 1196 motusautem
2919 1115 3161 1203 occffo

908 1220 991 1311 ςΙΙ
998 1217 1267 1306 febrilis
1296 1226 1482 1288 calor
1507 1247 1746 1315 aquam
1773 1223 1965 1289 illam
1969 1220 2209 1315 susque
2231 1221 2421 1316 deque
2449 1221 2718 1310 agitans
2754 1265 2782 1295 ,
2824 1212 2900 1286 ό
2930 1218 3001 1283 in
3007 1214 3169 1309 spu·-

911 1342 1086 1385 mam
1137 1339 1383 1389 vertens
1409 1348 1441 1394 ,·
1493 1323 1801 1390 terminus
1848 1321 1902 1389 ‘ci
1956 1348 2081 1416 quo
2125 1341 2261 1388 tum
2292 1340 2481 1414 caput
2515 1369 2542 1402 ,
2596 1340 2734 1404 tum
2783 1303 3026 1404 viscera
3049 1310 3163 1404 seu

902 1414 1124 1504 fontes
1137 1414 1504 1508 sanguinis
1526 1447 1556 1492 ,-
1609 1417 1681 1487 ό·
1689 1419 1951 1513 stipites
1980 1418 2281 1509 vasorum
2296 1470 2320 1504 ‚
2367 1421 2436 1487 in
2461 1418 2694 1511 quihus
2715 1417 3003 1506 primum
3000 1410 3170 1505 san·

916 1512 1406 1606 guisfervorem
1434 1513 1507 1584 ό·
1542 1522 1976 1587 ebullitionem
2008 1519 2287 1610 concipit
2311 1545 2342 1592 ,-
2369 1514 2602 1610 spatia
2630 1515 2827 1607 porro*
2858 1526 3076 1602 (nam
3101 1508 3171 1579 de

918 1616 1188 1681 termino
1242 1615 1330 1680 ad
1380 1640 1562 1708 quem
1612 1624 1807 1685 nulla
1837 1619 1917 1710 est
1964 1614 2339 1690 dubitatio)
2358 1615 2583 1710 spatia
2614 1662 2641 1699 ,
2676 1614 2990 1708 inquam,
3019 1609 3179 1705 fiant

922 1736 1095 1787 venae
1122 1713 1486 1809 arterioeque
1519 1717 1731 1782 mediae
1765 1713 1838 1785 ό
1872 1737 2186 1784 extremm.
2384 1719 2387 1720 ⁷

570 1806 898 1916 „iii‘gaeffifi
1026 1807 1249 1896 Quod
1293 1805 1338 1876 fi
1367 1813 1520 1906 quis
1550 1813 1618 1881 in
1624 1812 1857 1904 serolae
1878 1816 2235 1908 pleonexiae
2259 1810 2489 1884 causas
2512 1810 2813 1905 inquirat
2843 1861 2869 1894 ,
2912 1829 3005 1879 eae
3034 1797 3188 1877 sane

568 1928 710 1977 tune,
734 1927 898 1987 nige-
932 1910 1136 1982 variae
1182 1908 1353 1978 sunt.
1423 1909 1610 1981 Nam
1647 1914 1754 1983 vel
1802 1912 1894 1983 ad
1935 1916 2400 2006 generationem
2426 1912 2707 2006 primam
2736 1903 3185 1979 redundantis

572 1997 822 2041 '‘⁸⁸⁸²“'3
935 2007 1059 2078 seri
1097 2009 1467 2106 pertinent,
1505 2011 1612 2080 vel
1647 2008 1737 2080 ad
1769 2018 2172 2083 retentionem
2194 2035 2416 2106 praeter
2457 2009 2764 2079 naturam
2791 2003 2917 2096 seu
2953 2004 3191 2074 cohibi-

935 2130 1072 2177 tam
1120 2114 1543 2179 exet-ctionem
1572 2157 1602 2188 ,
1663 2133 1817 2204 quae
1871 2138 1951 2182 ex
2002 2110 2308 2181 instituto
2340 2115 2421 2181 ἀ
2470 2133 2663 2182 motu
2728 2127 2989 2175 naturae
3045 2097 3190 2174 fieri

938 2203 1284 2278 consuevit
1311 2205 1438 2280 sive
1456 2234 1574 2307 per
1609 2212 1836 2280 urinas
1854 2263 1876 2297 ‚
1909 2207 2039 2282 five
2057 2236 2173 2310 per
2196 2203 2640 2280 insenfibilem
2663 2202 3177 2302 expirationem.

935 2305 1048 2378 De
1098 2303 1307 2392 causts
1334 2330 1544 2377 autem
1562 2311 1764 2401 primi
1809 2312 2055 2402 generis
2097 2332 2233 2378 non
2272 2308 2365 2377 ita
2402 2304 2598 2375 anxie
2639 2302 2950 2399 satagere
2985 2297 3186 2373 debe-

938 2425 1138 2488 mus,
1193 2406 1353 2473 cum
1400 2407 1532 2476 illae
1571 2400 1945 2479 neceffariae
1993 2406 2129 2478 fere
2180 2403 2303 2476 fint
2352 2409 2421 2477 &
2460 2397 2878 2474 inevitabiles
2906 2452 2930 2486 ‚
2986 2394 3189 2492 siqui-

940 2499 1104 2570 dem
1147 2505 1287 2571 vita
1315 2499 1469 2573 cibo
1503 2529 1711 2600 atque
1736 2530 1903 2602 potu
1927 2529 2152 2576 carere
2194 2528 2331 2574 non
2365 2500 2579 2601 potest
2599 2555 2623 2589 ‚
2654 2498 2958 2594 ideoque
2971 2494 3189 2570 serum

937 2597 1052 2667 seu
1099 2622 1282 2691 aqua
1315 2597 1684 2673 necessario
1744 2607 1817 2673 in
1855 2628 2137 2700 corpore
2164 2599 2525 2672 succrescat
2580 2598 3008 2698 oport'etun‘a
3036 2622 3193 2667 cum

937 2694 1269 2793 sanguine
1288 2749 1310 2783 ‚
1367 2703 1438 2772 δε
1465 2698 1792 2798 copiosius
1821 2703 1890 2770 in
1921 2702 1998 2769 iis
2033 2697 2280 2796 quibus
2314 2700 2506 2794 hepar
2528 2709 2556 2740 ⁸
2591 2704 2748 2771 Gal.
2776 2698 3193 2766 annotatione

941 2793 1060 2866 sed
1110 2796 1523 2893 potissimum
1565 2803 1694 2870 lien
1731 2802 1949 2894 nostra
2000 2802 2428 2892 observadone
2482 2800 2551 2868 in
2611 2798 2841 2868 calore
2892 2792 3196 2882 excedit,

946 2891 1127 2964 adeo
1173 2920 1248 2968 ut
1297 2899 1456 2968 cum
1483 2900 1905 2972 contraRam
1934 2897 1973 2967 a
2017 2901 2171 2971 vitae
2197 2896 2595 2994 primordiis
2631 2895 3052 2993 temperiem
3076 2895 3203 2963 im-

949 3017 1215 3065 mutare
1254 3020 1394 3065 non
1427 2994 1497 3066 sit
1535 2995 1733 3070 facile
1759 3050 1781 3083 ,
1833 3021 2053 3090 neque
2079 2996 2240 3070 vero
2270 3022 2495 3068 tutum
2521 3048 2544 3081 ,
2590 2992 2837 3065 frustr'a
2870 2991 2963 3064 de
2992 2989 3202 3063 causis

952 3088 1174 3159 serum
1243 3093 1721 3188 generantibus
1795 3096 2067 3167 solliciti
2121 3093 2507 3166 admodum
2558 3089 2753 3164 fimus
2779 3147 2804 3179 ,
2882 3098 2953 3164 &
3030 3112 3203 3186 prae·

951 3187 1179 3258 settim
1222 3194 1379 3261 cum
1424 3194 1700 3285 illustris
1751 3197 2042 3289 Antistes
2113 3197 2256 3283 jam
2310 3195 2371 3265 ei
2421 3192 2642 3265 vietus
2694 3193 2940 3262 rationi
2983 3186 3208 3260 affue-

953 3287 1126 3360 verit
1151 3339 1174 3372 ,
1232 3314 1385 3385 quae
1417 3290 1599 3362 haud
1633 3291 1911 3365 uberem
1941 3294 2296 3364 materiam
2319 3289 2627 3392 praestare
2661 3289 2887 3361 serosae
2940 3287 3210 3359 illuviei

957 3380 1035 3455 fit
1063 3411 1224 3456 nata
1257 3411 1451 3486 apta:
1499 3416 1660 3462 nam
1691 3389 1950 3463 tametsi
1971 3394 2217 3463 lautius
2247 3389 2535 3489 prandet
2560 3415 2789 3460 tamen
2820 3394 2889 3462 δε
2927 3386 2968 3455 ὲ.
3001 3385 3216 3457 εωῃῧ.

960 3482 1246 3556 abstinet
1291 3494 1362 3560 <Sc
1422 3488 1711 3560 modicis
1763 3493 1977 3562 utitur
2046 3490 2369 3579 jusculis,
2421 3515 2500 3559 ac
2542 3512 2750 3587 parco
2803 3510 2976 3586 potu
3009 3539 3035 3573 ‚
3087 3509 3215 3557 nec

925 3584 1138 3653 ”ultra
1176 3587 1387 3680 quam
1447 3588 1589 3671 ejus
1640 3587 1790 3658 usus
1838 3587 2183 3688 postulat,
2255 3591 2386 3661 hoc
2435 3586 2529 3658 est
2561 3640 2585 3674 ‚
2634 3586 2786 3658 usus
2826 3586 3223 3655 elixationis

941 3683 1272 3762 ,alimenti
1350 3687 1728 3758 communis
1785 3692 1858 3760 ὃς
1926 3683 2223 3756 diadosis
2295 3684 2600 3776 ejusdem
2680 3687 2754 3753 in
2822 3682 3227 3758 universum.

972 3803 1235 3879 corpus.
2556 3874 2561 3879 ι

595 3896 598 3897 ’
645 3910 845 3969 velem!-
866 3928 945 3972 μ.
1069 3883 1352 3974 Superest
1382 3910 1528 3976 ergo
1552 3906 1625 3954 ut
1651 3880 2011 3975 accusemus
2030 3878 2596 3980 provideamusque
2627 3884 2963 3974 diligenter
2999 3874 3229 3965 causz‘s

614 3970 1228 4093 ssssssmffffificundi
1260 3986 1508 4072 generis
1537 4034 1559 4070 ,
1598 4007 1749 4081 qua:
1783 3982 1937 4055 sane
1968 3983 2116 4059 sunt
2147 3983 2551 4086 multiplices
2575 4034 2601 4073 ,
2661 3980 2779 4055 sed
2802 3982 2873 4052 in
2900 3979 2986 4051 iis
3012 3976 3225 4049 sami-

629 516 780 580 Spatia
803 517 873 566 seu

542 577 631 626 vie
651 591 749 639 que
769 576 787 624 Ξ

1049 4148 1085 4189 a
1112 4136 1179 4194 In
1198 4149 1316 4195 arte
1329 4132 1530 4212 patvft.
3056 4209 3110 4283 n

3113 4231 3233 4285 am
