3593 5087
655 2048 849 2099 curatio
872 2048 916 2095 ἃ

596 2106 847 2154 Praeenurio
898 2138 918 2163 ‚

596 2165 769 2212 dolori·
826 2164 921 2211 Ne·

595 2222 809 2279 pbritici
863 2225 915 2269 in

594 2280 774 2327 duobu·
802 2294 915 2328 ‘ono

595 2334 732 2390 sistit,

950 423 1100 515 »με
1205 405 1599 488 Monet
1678 395 2210 489 VENTRIS
2289 391 3009 486 'mr-‘Em'oms

956 537 1387 624 cessariarum
1480 563 1696 640 aegros
1779 538 1948 637 saepe
2032 541 2399 612 immatura
2481 563 2703 612 morte
2783 539 3076 611 mulstet.

1048 639 1395 741 Principio
1452 641 1663 737 igitur
1703 641 2036 735 quoniam
2084 641 2498 740 nephriticus
2564 638 2766 710 dolor
2828 639 3197 713 violentam

948 766 1231 828 renum,
1284 762 1816 834 caeterarumque
1883 743 2182 837 partium
2226 740 2347 810 seri
2405 738 2774 809 excretioni
2816 735 3205 811 exclufioni-

938 866 1088 936 ¹que
1160 839 1198 909 ὲ
1251 861 1538 938 corpore
1608 838 2040 911 servientium
2110 838 2649 910 conti-achonem
2722 836 3150 931 consequitur
3180 890 3206 924 ,

951 964 1243 1034 eamque
1271 939 1526 1037 partim
1550 935 1991 1036 spontaneam
2029 937 2274 1008 scilicet
2300 939 2340 1008 a
2371 936 2617 1008 natura
2650 934 2764 1006 sed
2800 936 3063 1005 irritata
3088 934 3210 1005 ad-

951 1035 1284 1124 modum,
1326 1037 1578 1137 partim
1615 1043 1686 1110 δι
1722 1037 1948 1137 primo
2002 1036 2254 1128 faciam
2310 1038 2348 1108 ὲ
2401 1029 2675 1106 calculis
2701 1035 2807 1106 seu
2833 1031 3211 1131 congloba-

948 1127 1519 1235 t'is‘arenulis‘per
1551 1139 1696 1208 vim
1741 1133 2034 1236 depulsis
2079 1134 2193 1207 sua
2248 1135 2285 1205 ὲ
2336 1133 2535 1221 sede,
2601 1134 2732 1204 hoc
2774 1129 2871 1203 est
2923 1135 3210 1207 cavitate

946 1237 1063 1309 seu
1109 1234 1464 1305 stomacho
1513 1260 1752 1307 renum
1779 1289 1804 1322 ,
1864 1259 1982 1307 aut
2037 1232 2378 1307 radicibus
2440 1232 2755 1308 vasorum
2782 1285 2805 1319 ,
2853 1234 2922 1302 in
2966 1231 3210 1327 quibus

950 1333 1225 1435 placide
1272 1330 1610 1405 haerebant
1647 1386 1669 1420 ,
1720 1332 2012 1432 depulfis
2045 1387 2068 1420 ,
2124 1334 2453 1428 inquam,
2496 1330 2627 1406 five
2651 1333 2690 1402 ὲ
2716 1329 3044 1431 depluvio
3084 1331 3203 1404 seri

948 1434 1196 1522 multi,
1253 1431 1522 1532 expressi
1555 1433 1813 1532 quippe
1842 1434 1878 1504 ὲ
1910 1458 2057 1504 toto
2100 1432 2336 1504 habitu
2370 1435 2440 1506 vi
2481 1432 2757 1530 frigoris
2783 1430 3142 1506 ambientis
3177 1485 3202 1520 ,

953 1530 1089 1604 five
1112 1535 1319 1603 etiam
1369 1531 1791 1627 quandoque
1822 1533 2138 1604 anatur&
2168 1531 2314 1631 ipsa
2332 1533 2672 1630 gravitate
2705 1552 2947 1601 eorum
2980 1535 3054 1602 in
3083 1531 3205 1603 ho-
3253 1545 3260 1552 '

951 1655 1059 1726 ras
1087 1634 1419 1720 majorem
1447 1632 1519 1701 in
1543 1632 1799 1702 molem
1827 1632 2269 1705 crescentium
2300 1631 2661 1703 sollicitata
2698 1630 2918 1702 acrius
2949 1654 3204 1726 ;quem

948 1754 1220 1806 motum
1246 1727 1567 1800 distentio
1599 1729 1913 1804 vasorum
1939 1755 2075 1831 prae
2108 1728 2427 1829 angustia
2451 1783 2473 1816 ,
2531 1754 2750 1826 eaque
2771 1729 3053 1800 molesta
3080 1729 3207 1801 ad-

949 1827 1244 1928 modum
1294 1835 1367 1903 &
1414 1826 1658 1900 acerbo
1706 1828 1935 1926 dolori
1979 1832 2342 1919 conjun&a
2394 1828 2692 1926 sequitur
2716 1879 2742 1915 ,
2775 1828 3210 1927 proindeque

949 1925 1298 2001 convulsio
1340 1927 1663 2025 quaedam
1709 1932 2012 2029 partium
2055 1929 2526 2019 adjacentium
2564 1929 2947 2000 communis
3000 1955 3210 2000 mern-

949 2025 1177 2099 branae
1206 2025 1539 2100 beneficio
1589 2052 1747 2099 cum
1793 2030 1874 2100 iis
1921 2054 2381 2101 connexarum
2407 2082 2430 2115 ,
2472 2048 2863 2100 momentum
2920 2027 3204 2121 profedd

952 2137 1133 2198 omni»
1160 2130 1544 2199 curationis
1563 2176 1585 2209 ,
1627 2154 1707 2197 ac
1739 2130 2201 2220 ptoecautionis
2219 2127 2499 2226 pcfitum
2530 2126 2637 2221 effi
2697 2126 2955 2200 videtur
2982 2178 3003 2213 ‚
3055 2130 3201 2198 cum

951 2233 1022 2299 in
1047 2229 1491 2323 impendiendd
1531 2230 1777 2298 calculi
1783 2227 1932 2317 five
1958 2226 2206 2318 fibuli'
2251 2228 2692 2298 excrementiti
2741 2228 3153 2319 generatione
3175 2278 3203 2314 ‚

947 2352 1263 2425 tanquam
1268 2326 1528 2419 scilicet
1552 2325 1908 2415 occasionis
1934 2321 2008 2398 ό·
2032 2325 2252 2420 objec‘li
2277 2350 2570 2397 motuum
2598 2323 3051 2418 proediii'orum
3082 2378 3105 2412 ,
3132 2325 3204 2398 ό·

949 2455 1097 2499 cum
1125 2425 1339 2495 dolore
1378 2423 1909 2519 conjundorumz
1950 2449 2091 2497 tum.
2123 2429 2198 2496 in
2230 2425 2593 2515 exclusione
2640 2428 2979 2496 eorundem
2996 2424 3201 2516 facili

946 2523 1026 2596 ό·
1057 2530 1136 2594 ab
1162 2525 1340 2592 omni
1362 2523 1656 2614 molestia
1695 2527 1995 2595 immuni.
2559 2572 2564 2575 -
3181 2616 3186 2619 ι

950 2646 953 2651 ·
1052 2622 1242 2694 Nam
1284 2620 1461 2692 certe
1493 2620 1687 2716 quod
1738 2625 1984 2695 attinet
2016 2622 2108 2695 ad
2139 2622 2543 2725 depluvium
2563 2623 2683 2697 seri
2716 2651 2837 2724 per
2867 2646 3095 2712 reneS,
3119 2625 3202 2698 il-

944 2722 1074 2795 iud
1104 2747 1224 2794 nec
1265 2746 1347 2792 ex
1397 2721 1461 2793 se
1525 2717 1621 2790 est
1674 2745 1913 2794 contra
1961 2747 2280 2795 naturam
2311 2779 2334 2813 ,
2393 2750 2517 2797 nec
2549 2723 2931 2799 molestiam
2986 2727 3201 2798 ullam

947 2845 1209 2895 naturae
1247 2820 1490 2894 inferre
1526 2843 1930 2918 quanquam
1970 2823 2329 2895 confertim
2362 2823 2760 2896 excludatur
2796 2848 3039 2896 natum
3068 2824 3202 2914 est,

948 2920 1000 2994 fi
1028 2920 1243 2995 modo
1276 2921 1431 2995 vasa
1460 2920 1573 2991 seu
1603 2919 2048 2997 instrumenta
2078 2920 2208 2994 suae
2231 2917 2597 2995 -secretioni
2630 2918 3202 3020 affervationique

946 3020 1043 3094 'ad
1068 3017 1848 3122 tempus&dedu&ioni
1888 3046 2075 3093 extra
2105 3046 2351 3121 corpus
2399 3024 2597 3094 utilia
2643 3019 2945 3093 offendat
2988 3022 3204 3096 libera

949 3117 1036 3191 ab
1080 3122 1270 3191 omni
1314 3117 1771 3215 obstructione
1795 3128 1866 3194 δε
1891 3121 2236 3220 patentia;
2287 3119 2404 3192 sed
2437 3120 2662 3220 potius
2688 3121 3057 3192 secundum
3083 3148 3206 3194 na·

946 3242 1173 3290 turam
1212 3212 1348 3306 est,
1380 3217 1637 3317 quippe
1687 3220 2020 3295 vicarium
2054 3217 2318 3292 sudoris
2347 3217 2477 3293 five
2527 3217 2843 3292 insenfilis
2871 3245 3200 3318 evapora-

946 3320 1151 3390 tionis
1196 3315 1663 3390 deficientium
1690 3372 1713 3406 ,
1789 3326 1863 3394 &
1902 3321 1972 3392 su
2074 3314 2417 3391 refforum·
2452 3318 2715 3391 ratione
2767 3320 3028 3390 aetatis:
3079 3319 3199 3393 vel

947 3417 1273 3519 temporis
1296 3419 1508 3502 anni,
1548 3440 1699 3488 tum
1723 3418 1886 3493 vero
1913 3344 2153 3490 ἰιιΡΕοε
2187 3415 2484 3490 maxime
2520 3440 2780 3489 naturae
2817 3416 3108 3489 salutare
3128 3424 3201 3495 δε

949 3521 1157 3605 utile,
1200 3516 1393 3614 quod
1447 3538 1703 3589 avertat
1749 3542 1906 3588 eam
1963 3516 2400 3589 arenularum
2442 3516 2862 3615 agestionem
2909 3522 2983 3591 &
3032 3541 3199 3588 con-

948 3621 1314 3690 cretionem
1348 3618 1416 3686 in
1450 3613 1719 3712 lapillos
1753 3618 1897 3702 ejus
1926 3616 2127 3686 molis
2153 3622 2224 3689 δι
2253 3617 2752 3716 magnitudinis
2776 3667 2801 3702 ,
2852 3618 3016 3688 etun
3059 3617 3199 3713 qua

884 3784 887 3785 γ
949 3717 1343 3814 intercipere
1375 3715 1644 3786 urinam
1685 3712 1955 3811 prorsus
2009 3708 2269 3813 poffent
2304 3741 2465 3787 cum
2521 3725 2707 3788 certo
2741 3715 2898 3788 vitae
2963 3714 3202 3788 discri-

952 3814 1182 3884 mine:
1226 3837 1381 3910 quae
1422 3812 1577 3884 sane
1620 3812 1872 3884 utilitas
1905 3813 2146 3913 magni
2168 3809 2264 3882 est
2287 3816 2621 3885 momenti
2645 3868 2671 3904 ‚
2726 3815 2888 3886 ciim
2935 3812 3201 3914 praestet‘

950 3909 1160 4007 longe
1188 3913 1452 4011 lapillos
1482 3911 1593 3984 seu
1617 3909 1946 3983 sabulum'
1973 3914 2567 3984 excrementitium
2591 3928 2993 4010 quanquam
3026 3935 3194 3995 cum

951 4010 1169 4080 atroci
1214 4009 1455 4083 dolore
1511 4016 1583 4085 &
1622 4007 2009 4109 frequenti,
2058 4010 2177 4085 sed
2231 4011 2497 4093 mature
2556 4017 2822 4085 excerni
2869 4011 2907 4083 ὲ
2956 4035 3200 4109 corpo-

939 4129 1016 4182 te
1049 4156 1075 4196 ,
1125 4109 1344 4205 quam
1391 4113 1467 4184 in
1516 4108 1845 4186 lethalem
1924 4116 2179 4219 ἔχειζςι
2223 4117 2295 4193 δι
2340 4110 2853 4191 ἱηεὶιιὲὶεὼῦεω
2896 4109 3214 4193 incidere

3062 4232 3210 4289 tam
