3593 5087
803 424 878 503 'A
978 423 1654 506 PROLUVIE
1754 423 2270 503 SEROSA.
2503 425 2654 530 363

375 552 1190 664 solutionemperfeestam
1219 558 1733 633 decrementum
1775 558 1914 630 tale
1970 559 2156 658 capit
2183 610 2208 646 ,
2255 581 2334 630 ut
2376 556 2515 632 fere
2556 562 2651 635 ad

377 662 940 760 magnitudinem
967 664 1205 736 redeat
1228 662 1609 733 naturalem
1634 712 1659 745 ‚
1700 658 1816 730 sed
1859 655 2151 731 edurum
2195 681 2428 730 tamen
2456 659 2653 735 restet

370 760 589 834 viscus
633 760 725 833 ob
777 764 976 834 altius
1023 761 1403 862 impactum
1425 755 1946 833 craffamentum
1974 782 2360 847 terrenum,
2391 759 2652 835 nedum

371 859 551 932 illud
600 859 797 957 quod
821 863 893 934 in
927 859 1092 938 vasis
1121 858 1409 934 substitit
1433 913 1458 949 ,
1519 865 1589 933 ὅ(
1621 856 2113 931 obstruffiones
2158 857 2363 931 infert
2402 882 2648 933 contu-

377 985 630 1033 maceS.

400 1067 412 1079 ”
473 1056 700 1157 Atqui
734 1059 911 1132 hanc
957 1056 1266 1159 profecto
1304 1054 1699 1130 doctrinam
1749 1055 2037 1131 mirifice
2098 1056 2463 1131 confirmat
2492 1081 2645 1133 tum
2680 1027 3013 1139 ‘gt-gutum

365 1157 729 1232 causarum
755 1184 1231 1248 externarum,
1270 1181 1421 1229 tum
1452 1158 1988 1257 symptomatum
2016 1157 2449 1230 assidentium
2502 1160 2648 1262 spe-

367 1258 632 1332 culatio
660 1268 691 1298 ⁸
717 1264 920 1355 Hipp.
944 1283 1246 1355 namque
1273 1254 1744 1329 observatione
1775 1255 2009 1329 lienosi
2038 1260 2443 1359 plerumque
2473 1258 2649 1335 fiunt

364 1353 456 1428 ab
520 1358 648 1430 usu
729 1383 1070 1455 aquarum
1139 1356 1633 1431 lutulentarum
1693 1357 1931 1454 quales
2008 1356 2324 1458 palustris
2356 1411 2381 1444 ,
2441 1363 2513 1432 ὅ(
2570 1358 2649 1432 id

364 1480 596 1556 genus
629 1463 699 1531 ὅ(
734 1459 1050 1530 omnium
1120 1457 1553 1534 medicorum
1609 1457 2071 1556 experimento
2128 1456 2375 1530 horum
2417 1483 2651 1530 tumo-

362 1571 530 1627 r'um
574 1554 709 1628 cibi
763 1560 974 1629 etiam
1033 1556 1223 1631 craffi
1272 1553 1513 1632 viscidi
1557 1555 1707 1628 sunt
1762 1556 2034 1628 fomites
2069 1612 2094 1647 ,
2148 1563 2219 1630 &
2276 1555 2671 1657 praesertim‚

361 1652 633 1727 frustus
662 1709 686 1743 ‚
762 1659 1218 1731 &lacticinia
1264 1711 1289 1746 ,
1365 1679 1573 1754 atque
1617 1656 2055 1755 leguminum
2117 1657 2422 1743 juscula:
2481 1683 2648 1731 nam

364 1754 514 1827 haec
561 1782 867 1854 aqueum
928 1765 998 1833 &
1052 1783 1394 1831 terrenum
1466 1757 1875 1828 alimentum
1940 1758 2320 1856 plurimum
2393 1755 2648 1859 sugge-

365 1879 555 1927 runt.

468 1952 699 2042 Quod
737 1981 969 2029 autem
991 1959 1234 2030 attinet
1260 1952 1356 2028 ad
1389 1953 1852 2055 symptomata
1875 1951 2225 2026 afficientia
2253 1954 2391 2028 istis
2417 1979 2648 2033 tumo-
2683 1955 2900 2064 „3⁸13
2932 2028 3009 2065 a„

359 2049 559 2146 ribus
581 2107 604 2141 ‚
643 2056 819 2126 liene
842 2056 1021 2129 certe
1053 2054 1498 2157 praeexistenti
1548 2059 1621 2127 in
1645 2052 1817 2129 vasis
1861 2054 2275 2152 sanguini&
2305 2058 2377 2127 in
2405 2057 2551 2130 dies
2574 2061 2649 2130 in
2684 2072 2770 2118 tia·

358 2153 677 2253 corporis
733 2158 1152 2227 nutricatum
1188 2157 1532 2253 insumpto
1582 2153 2024 2225 substituente
2081 2153 2400 2256 deinceps
2442 2183 2653 2254 atque

357 2249 776 2325 affundente
803 2254 1094 2326 serosum
1121 2254 1528 2355 sanguinem
1553 2254 1600 2346 (
1622 2248 1671 2324 fi
1703 2254 2049 2351 sanguinis
2076 2279 2329 2326 nomen
2356 2281 2657 2332 meretur

360 2350 659 2450 sanguis
705 2352 1054 2425 ichorosus
1117 2352 1589 2449 fibrarumque
1651 2376 1887 2453 expers
1916 2402 1942 2432 ,
2001 2378 2211 2450 quem
2257 2354 2657 2430 morbidum

359 2475 583 2525 vocat
603 2492 633 2540 1,
664 2455 1050 2545 Aristoteles
1072 2455 1115 2549 >
1138 2454 1398 2555 quippe
1425 2455 1599 2524 'cum
1643 2452 1780 2524 lien
1827 2477 1966 2523 non
2010 2449 2135 2524 nifi
2166 2450 2424 2526 fluxam
2461 2463 2531 2531 ὅ(
2563 2480 2660 2530 te-

359 2577 588 2624 nuem
624 2551 807 2648 chyli
830 2579 1094 2654 partem
1121 2578 1495 2650 antequam
1525 2548 1749 2623 solida
1775 2551 2089 2625 ciborum
2132 2552 2503 2628 substantia
2542 2556 2660 2630 fu·
2718 2620 2723 2624 .

363 2648 638 2724 fionem
683 2656 1016 2755 acceperit
1084 2652 1555 2754 intempestive
1615 2653 2022 2754 praeripias,
2077 2654 2425 2728 infelicem
2463 2655 2661 2754 sequi

365 2747 641 2825 neceffe
679 2752 772 2824 est
811 2755 1018 2826 totius
1043 2757 1349 2853 corporis
1393 2752 1881 2832 nutritionem,
1937 2759 2010 2824 δε
2050 2752 2321 2826 habitus
2378 2781 2660 2829 omnem

360 2849 791 2922 marcescere
845 2848 1134 2938 florem,
1184 2853 1309 2947 qui
1368 2852 1565 2948 praeci
1618 2849 1704 2920 ue
1756 2848 1926 2920 alias
1982 2850 2171 2948 viget
2204 2853 2278 2921 in
2326 2849 2663 2949 sanguine

358 2947 705 3021 arterioso
737 2947 967 3048 spiritu
1002 2953 1262 3048 quippe
1308 2947 1505 3021 vitali
1568 2946 2047 3021 oecundisfimo
2081 3002 2106 3037 ,
2151 2946 2347 3046 quod
2387 2948 2477 3021 de
2516 2948 2663 3022 sen-

361 3048 596 3122 tentia
632 3051 1064 3142 Hippocratis
1089 3063 1113 3094 ‘
1140 3054 1483 3135 Galenus,
1525 3046 1796 3120 docuit:
1818 3051 2051 3143 quibus
2078 3050 2207 3119 lien
2236 3048 2455 3145 crgfitit
2490 3102 2513 3137 ,
2548 3050 2655 3123 in-

355 3148 529 3246 quit
556 3148 711 3233 ille,
740 3147 847 3219 his
862 3172 1095 3244 corpus
1118 3143 1498 3241 contabescit
1515 3173 1596 3216 ac
1645 3146 1894 3235 vitiqsls
1914 3150 2216 3243 impletur
2247 3150 2661 3237 humoribus)

359 3244 447 3321 ό
495 3270 735 3318 contra
769 3250 1005 3346 quibus
1044 3249 1176 3320 lien
1208 3251 1501 3340 decrescit
1535 3299 1559 3333 ‚
1614 3247 1707 3315 iis
1736 3273 1973 3341 corpus
1990 3252 2233 3345 florem
2275 3253 2555 3344 resumit.

469 3343 843 3434 Quoniam
882 3349 1068 3420 enim
1105 3348 1380 3449 sanguis
1433 3343 1726 3444 aquosus
1788 3369 2031 3446 praeter
2066 3370 2385 3423 naturam
2433 3345 2657 3422 tenuis

322 3444 800 3543 ·lentorifque
843 3472 1077 3548 expers
1131 3447 1227 3524 est
1258 3502 1281 3535 ,
1330 3446 1507 3520 certe
1573 3469 1699 3515 nec
1757 3445 2130 3547 apponitur
2179 3447 2482 3549 partibus
2523 3464 2656 3520 nee

354 3543 744 3643 affigitur3
793 3552 862 3621 &
893 3570 1215 3646 praeterea
1240 3574 1423 3646 aqua
1447 3546 1519 3618 in
1553 3544 1887 3646 sanguine
1928 3549 2220 3619 nimium
2255 3546 2662 3620 redundans

349 3643 654 3753 spiritus
696 3645 921 3721 vitalis
955 3645 1252 3720 ubertati
1295 3646 1735 3737 adversatur,
1772 3671 2020 3750 corpus
2067 3644 2235 3720 inde
2262 3644 2655 3724 tabescat&

433 3844 485 3886 a
509 3822 631 3883 Lib
654 3820 731 3881 de
751 3841 887 3883 aere
907 3820 1050 3884 locis
1074 3826 1334 3905 &aquis
1352 3780 1595 3909 epham
1611 3825 1741 3885 τοῖα
1765 3823 1847 3885 ⁸1⁴⁶
1878 3847 2065 3886 muno·
2094 3822 2339 3904 (wan
2367 3817 2653 3899 ἰκέλη),

358 3911 637 3971 ceurae
670 3900 768 3979 Α.)
793 3899 893 3967 «ἰεῖ
918 3905 1180 3977 nov-imm
1205 3907 1333 3970 εἶκαὶ
1363 3922 1404 3982 ¹5)
1422 3904 1807 3984 μιμνυμῇἷοκ
1835 3905 2183 3971 Bibentstu}
2205 3916 2405 3967 autem
2436 3906 2657 3986 (tqutfi

359 3984 666 4075 palustres
691 3985 720 4056 )
744 3982 969 4075 splenes
997 3980 1222 4069 semper
1253 3984 1388 4049 sunt
1413 3986 1612 4079 magni
1629 4004 1697 4048 ac
1719 3982 1901 4068 pleni.

448 4069 498 4212 ξ
524 4081 588 4205 2:
611 4076 901 4203 3323„
921 4094 1126 4221 acuit,

2028 4225 2286 4308 zzz
