3593 5087
384 423 640 481 xxvln
1101 471 1107 477 ⁴
1302 462 1303 465 ,

388 500 486 569 Et
545 520 641 565 uoe
666 517 799 562 non
794 490 1019 585 ficum
1043 489 1242 561 trahit
1256 493 1529 585 agmina
1551 490 1729 582 faeva
1759 496 2131 569 malorum,

388 523 791 681 InJZnumst
815 584 1078 679 quando
1082 579 1288 673 fretis
1300 582 1718 677 spirantibus
1745 606 1983 678 aequor.

387 678 611 750 Fervet
636 723 664 754 ,
695 671 767 745 ό·
786 672 1062 761 adversae
1072 670 1334 762 feriunt
1339 672 1725 770 jaciantque
1739 680 2043 764 procelle
2068 678 2101 748 ,ἒ

390 768 553 857 Quoe
582 789 713 834 non
720 761 833 849 seu
847 765 1002 854 pius
1022 766 1276 838 AEneas
1296 820 1317 853 ‚
1372 793 1443 834 eu
1470 767 1676 836 durus
1704 762 1964 862 Ulyſjes

386 862 763 953 Sustinuere
786 856 956 922 olim*
972 878 1067 925 tot
1085 879 1277 948 tempe
1340 857 1559 925 atibus
1582 855 1709 925 aeli
1725 866 1760 924 ?

386 949 618 1017 Cernis
639 966 709 1014 ut
729 944 971 1015 iratum
998 969 1271 1017 curvato
1293 974 1420 1040 gur
1472 950 1554 1015 ite
1578 944 1804 1041 claffis

383 1041 454 1111 T
457 1045 631 1105 ollat
658 1034 730 1099 in
748 1034 929 1126 astra
951 1063 1158 1123 mare,
1186 974 1466 1130 advers?
1480 1064 1646 1106 mox
1677 1037 1930 1107 turbine
1956 1028 2200 1125 easdem

385 1122 716 1196 Subduc'ld
743 1149 963 1194 manes
984 1127 1165 1195 unda
1186 1127 1467 1197 deturbet
1480 1129 1568 1198 ad
1585 1130 1753 1197 imos
1768 1181 1792 1215 ‚

387 1216 746 1309 Illiclatque
776 1213 1010 1304 vadis,
1036 1240 1223 1312 atque
1253 1245 1486 1310 aggere
1504 1220 1731 1309 cingat
1750 1239 1960 1286 arenae
1991 1266 2026 1302 ,
2095 1274 2096 1277 ,

386 1308 533 1376 Aut
551 1310 700 1376 vero'
721 1307 1016 1397 abreptas
1050 1310 1122 1375 in
1115 1312 1302 1397 saxa
1318 1310 1589 1377 latentia
1623 1331 1932 1401 torquens

380 1396 726 1471 ,Dilaceret
746 1397 1012 1490 miseras
1031 1405 1225 1491 rupta
1245 1426 1550 1492 compage
1572 1401 1841 1467 carinas
1859 1403 1896 1461 ?

387 1485 670 1580 Aspicis
687 1505 757 1557 ut
774 1495 969 1578 pleno
995 1514 1098 1555 ore
1119 1511 1374 1557 tumens
1392 1488 1749 1585 effunditur
1769 1508 1990 1581 aequor
2006 1537 2030 1570 ‚

385 1582 743 1647 Succubuit
753 1576 833 1667 st
851 1583 980 1672 qua
1001 1584 1202 1646 tellus
1235 1631 1256 1664 ‚
1282 1586 1723 1671 tumulumque
1725 1575 2064 1667 furentem

387 1667 739 1739 Undarum
778 1694 911 1736 non
919 1665 1104 1761 paſj'a
1129 1670 1315 1742 ruit?
1349 1668 1703 1760 mtfirabile
1738 1664 1907 1759 visu.

387 1761 638 1828 Sternit
660 1751 871 1852 ¹agros
887 1757 1070 1849 ‚sata
1095 1756 1472 1846 laetastmul
1505 1811 1529 1845 ‚
1553 1756 1756 1850 vicos
1775 1784 1848 1825 ue
1876 1752 2219 1847 domosque
2239 1803 2274 1839 ,

390 1850 551 1918 Cum
564 1850 860 1941 stabulis
907 1871 1200 1916 armenta
1223 1852 1394 1945 rapit
1428 1904 1449 1937 ‚
1471 1784 1844 1944 campojgue
1862 1872 1977 1940 per
2004 1868 2234 1912 omnes.
2265 1869 2270 1875 ·

390 1942 476 2008 ι’
473 1942 643 2009 olvit
668 1992 690 2027 ,
716 1935 790 2009 ό·
815 1938 1047 2030 infizno
1073 1960 1506 2034 contorquens
1533 1943 1775 2008 vortice
1777 1933 2030 2030 sylvas

388 2030 666 2101 Proluit
687 2060 711 2097 .·
742 2056 821 2098 ac
845 2034 1135 2098 tumulos
1150 2029 1455 2123 immenfiz
1468 2032 1737 2099 licentia
1756 2029 1951 2122 ponti

389 2121 632 2189 Obruit⁴
649 2147 668 2193 ;
698 2141 887 2212 atque
914 2124 1119 2185 latent
1142 2118 1500 2225 preſj'aesttb
1524 2122 1785 2212 gurgite
1806 2117 1993 2212 vasto

388 2212 605 2277 Arces
629 2254 659 2285 ,
675 2215 909 2299 templa
926 2210 1145 2280 Deam
1165 2259 1187 2291 ,
1214 2230 1571 2304 turritaque
1604 2212 1938 2297 culmina,
1966 2200 2039 2276 ό·
2060 2207 2283 2274 urbe-t.

483 2297 704 2391 Atqui
743 2322 875 2365 non
907 2297 1160 2364 leviora
1201 2296 1451 2368 homini
1471 2303 1639 2368 inter
1665 2299 1912 2369 damna
1939 2298 2242 2366 minatur

391 2389 534 2460 Nec
559 2388 788 2455 minits
821 2389 1101 2453 intentat
1134 2393 1313 2456 mala
1341 2386 1796 2478 crebrescentia
1821 2388 2041 2482 liquor
2068 2437 2093 2472 ,

391 2479 654 2573 Liquor
668 2501 850 2572 aquoe
875 2477 1122 2570 quoties
1168 2503 1240 2546 eu
1262 2505 1498 2552 morem
1506 2500 1739 2572 praeter
1754 2476 2048 2548 abundat
2062 2529 2087 2567 ‚

389 2572 546 2640 Sive
562 2568 825 2638 modum
840 2589 1073 2658 praeter
1130 2593 1354 2639 ervens
1369 2570 1713 2639 incanduit
1728 2571 1905 2664 oestu.

391 2661 625 2729 Cernis
644 2660 1067 2752 aqualiculus
1091 2659 1408 2753 propenso
1418 2658 1788 2753 fifquipede
1813 2659 2100 2753 exstans<

391 2749 790 2844 Visceraque
814 2769 884 2817 ut
908 2770 1198 2815 tumeant
1231 2757 1439 2820 multo
1460 2749 1966 2845 distentaserosb

394 2842 685 2912 Humore
714 2851 742 2913 ,8
774 2861 890 2907 aut
918 2844 1089 2904 lento
1123 2842 1363 2909 macies
1386 2842 1640 2912 arentia
1639 2838 1805 2933 sato

393 2932 592 3021 Confi
597 2932 716 2999 ciet
735 2931 1055 3004 membra,
1071 2933 1428 3002 amanimae
1453 2937 1564 3001 via
1620 2929 1777 3025 reſja
1799 2930 2032 3000 coibit..

395 3023 582 3113 Quid
585 3019 665 3110 st
672 3026 1018 3115 pulmones
1044 3069 1069 3103 ,
1090 3021 1367 3092 medium
1387 3045 1498 3091 aut
1522 2959 2013 3113 thporacaserostz

395 3113 671 3186 Proluit
690 3111 1002 3181 illuvies?
1029 3132 1161 3178 tum
1180 3117 1328 3182 vero
1356 3115 1762 3207 abrumpitur
1777 3117 1978 3202 aegris

397 3205 637 3276 Prima
660 3204 840 3296 quies
847 3197 1073 3290 fiebito
1097 3252 1119 3287 ,
1142 3225 1441 3292 captatur:
1464 3204 1794 3272 anlz'elitus
1817 3209 1950 3272 imo

399 3289 664 3366 Peclore
658 3289 975 3380 sublimis
996 3338 1020 3372 ‚
1045 3317 1220 3382 quem
1222 3292 1433 3381 sibila
1453 3301 1633 3364 colla
1651 3295 1982 3362 remittant
1996 3318 2029 3368 ,⁰

398 3385 706 3474 Spemque
738 3402 1091 3470 metumque
1115 3382 1280 3453 inter
1299 3378 1513 3454 noc‘t‘es
1538 3387 1915 3475 vigil-antur
1939 3403 2214 3452 amaraez.

471 3472 587 3539 uid
614 3472 838 3539 varias
853 3470 1069 3538 dicam
1079 3469 1317 3562 species
1343 3473 1382 3539 lz
1433 3473 1659 3568 dropis
1674 3472 1911 3569 aquosi

473 3563 610 3629 ueis
622 3565 899 3628 membra
925 3583 1036 3628 aut
1052 3583 1257 3631 totum
1277 3564 1350 3649 sit⁴
1407 3593 1449 3633 u
1482 3573 1523 3635 ἅ
1542 3591 1778 3658 corpus
1798 3570 1876 3632 ab
1902 3561 2089 3638 unda

403 3653 727 3724 Intumuit
744 3697 772 3728 ,
786 3658 1123 3745 pallorque
1143 3676 1356 3726 novus
1411 3662 1576 3725 tmul
1588 3677 1857 3748 occupat
1877 3681 1994 3722 ora
2019 3659 2053 3727 ,ἓ

404 3743 583 3816 ,Nam
614 3744 933 3831 graviora
952 3765 1188 3813 vocant
1210 3743 1373 3834 adse
1397 3752 1577 3814 mala
1596 3792 1624 3823 ,
1655 3769 1793 3840 quae
1812 3746 1933 3812 ciet
1957 3741 2224 3813 humor:-

376 3834 484 3908 ,Si
501 3832 1110 3923 magnisstagnms·
1129 3837 1314 3903 venis
1329 3831 1576 3927 mistus
1595 3861 1668 3904 ue
1687 3835 1910 3903 cruori

410 3923 559 3993 Aut
584 3922 817 3992 vitium
846 3923 1059 4014 capiat
1072 3863 1763 4103 ,jseu-magnofgrveat
1782 3923 1957 4018 aestu.

1126 4041 1153 4080 e

410 4012 676 4081 Scilicet
696 4008 847 4077 lzinc
865 4014 1069 4115 varice
1157 4019 1296 4083 bres
1322 4016 1634 4082 mortalia
1648 4014 1852 4083 corda

352 4159 357 4163 .
410 4101 847 4199 Corrumpunt
870 4099 1188 4201 ,samque
1212 4126 1504 4199 exercent
1527 4108 1810 4209 membra
1833 4103 2151 4192 dolores„
