3593 5087
935 424 1008 502 'A
1105 419 1665 506 1311,less
1763 417 2264 499 sERosA.
2560 432 2713 532 '423

449 551 737 632 {andem
770 553 1098 628 asciscunt
1149 560 1219 629 ὃς
1275 550 1525 624 habent
1572 552 1902 641 comites,
1952 556 2301 651 lethargus
2363 551 2605 632 scilicet
2640 561 2714 630 δε

451 658 696 730 ssmiles
731 655 1109 754 stagnantis
1148 656 1216 724 in
1247 677 1396 723 toto
1430 654 1649 751 capite
1678 657 1882 745 aquei
1913 654 2210 725 humoris
2259 652 2534 727 effefius
2560 709 2582 743 ‚
2637 680 2717 729 ut

448 757 782 856 superiori
817 752 1093 825 consilio
1134 753 1227 825 est
1270 749 1513 822 diffuse
1566 753 1602 821 ὲ
1631 749 1824 822 nobis
1858 751 2409 826 demonstratum.
2460 759 2718 828 Rarum.

413 859 662 951 ‘igitur
689 855 787 944 fit
815 907 836 940 ,
901 857 1239 923 materiam
1281 854 1582 920 dolorum
1634 851 2124 922 arthritieorum
2180 850 2284 943 ff
2314 854 2542 943 serum
2568 857 2714 944 five

446 976 966 1055 purumputum
1002 1006 1026 1040 ‚
1074 953 1220 1040 stre
1278 952 1619 1035 atenulz's,
1656 949 1801 1038 five
1855 955 2047 1021 etiam
2094 949 2414 1023 ichotibus
2470 954 2715 1040 biliosis

448 1076 863 1124 lmmlxtllm·

544 1149 707 1249 Age
748 1174 976 1221 autem
1003 1150 1154 1245 quis
1181 1149 1494 1233 terminus
1517 1145 1560 1216 ἆ
1588 1174 1714 1242 quo
1732 1199 1754 1232 ,
1807 1147 1992 1218 unde
2020 1149 2162 1219 haec
2189 1153 2471 1228 materia
2499 1153 2569 1220 in
2604 1177 2713 1223 ar-

433 1249 679 1322 ticulos
731 1273 1066 1344 tanquam
1110 1247 1481 1318 terminum
1536 1246 1606 1314 in
1653 1272 1861 1340 quem
1901 1249 2095 1319 ruit?
2147 1270 2341 1340 caput
2379 1249 2710 1347 imprimis

440 1344 576 1420 effe
619 1349 917 1432 fontem,
968 1347 1154 1417 unde
1205 1346 1426 1416 omnis
1454 1346 1720 1442 generis
1748 1344 2118 1416 scaturiunt
2142 1343 2510 1432 fluxiones,
2562 1347 2711 1419 insi-

438 1452 611 1518 nuat
651 1450 950 1544 gravitas
1012 1449 1156 1533 ejus
1209 1445 1406 1515 hosce
1462 1443 1732 1514 dolores
1765 1467 2156 1542 praevertere
2208 1443 2443 1543 passim
2470 1446 2711 1525 solita3

438 1543 990 1640 'confirmantque
1021 1544 1087 1614 so
1140 1541 1309 1614 orosi
1338 1541 1553 1613 modo
1580 1544 1940 1614 memorati
1962 1545 2200 1643 capitis
2227 1544 2500 1616 affec'tus
2528 1577 2541 1617 ε
2590 1547 2707 1619 sed

433 1647 808 1715 enimcum
845 1644 1046 1715 febris
1076 1572 1212 1714 sere
1256 1641 1331 1713 fit
1384 1668 1543 1713 curn
1589 1643 1671 1712 iis
1718 1642 2086 1730 conjunEla
2117 1641 2508 1733 doloribus,
2561 1646 2709 1719 imo

429 1768 596 1815 meo
649 1742 938 1837 quidem
988 1744 1451 1841 experimento
1503 1741 1758 1839 semper
1785 1740 2122 1839 praecedat
2151 1796 2174 1829 ,
2224 1742 2412 1814 haud
2454 1747 2707 1817 temer&

430 1838 796 1940 possumus
825 1841 1138 1942 suspicari
1189 1841 1563 1930 nonsblitm
1587 1847 1619 1909 e'
1647 1837 2148 1934 capitefirofizm
2177 1845 2366 1911 illam
2396 1841 2705 1917 diluviem

425 1944 794 2012 decumbere
851 1944 923 2010 in
971 1964 1162 2012 artus
1208 1938 1538 2033 suhjedos
1598 1991 1623 2028 ,
1703 1935 1828 2029 fid
1907 1943 2101 2009 etiam
2156 1944 2188 2007 e'
2248 1965 2381 2011 toto
2454 1949 2705 2042 reliquo

425 2068 716 2131 corpore.

535 2137 929 2234 Equidem,
988 2134 1248 2208 tametsi
1292 2137 1677 2208 communis
1714 2135 2039 2208 haetenus
2085 2133 2179 2208 est
2213 2141 2525 2211 omnium
2558 2166 2700 2212 me·
2748 2164 3063 2228 occaso-me

417 2236 755 2309 dicorum
800 2236 1123 2307 sententia
1170 2234 1383 2307 febres
1439 2238 1637 2323 hujus
1672 2237 1939 2334 generis
1983 2231 2111 2306 effe
2157 2234 2701 2336 symptomaticas
2739 2230 3047 2285 ‘¹¹⁸’F‘⁵¹³''

423 2335 774 2406 duntaxat
802 2388 823 2421 ‚
874 2361 1081 2430 atque
1115 2334 1470 2433 spirituum
1507 2337 1578 2404 in
1611 2333 1806 2404 nobis
1840 2321 2153 2408 vitalium
2172 2337 2237 2407 vi
2274 2337 2528 2409 doloris
2555 2340 2703 2436 agi·

417 2458 735 2505 tatorum
796 2432 1256 2504 accenfionem
1314 2432 1684 2528 consequi,
1739 2459 1874 2529 ego
1919 2458 2144 2505 tamen
2196 2437 2430 2506 contra
2489 2436 2700 2514 sentio

414 2532 830 2632 semperque
859 2533 1002 2605 sum
1026 2558 1331 2632 expertus
1357 2564 1370 2602 :
1414 2538 1482 2605 &
1504 2530 1696 2604 testes
1721 2532 1994 2631 appello
2013 2533 2395 2607 arthriticos
2415 2562 2647 2613 omnes
2671 2596 2696 2630 ,

416 2632 584 2704 ante
624 2633 948 2704 dolorum
980 2631 1303 2705 insultum
1335 2655 1549 2729 oegros
1601 2657 1746 2701 toto
1768 2657 2053 2732 corpore
2079 2635 2488 2730 gravitatem
2514 2690 2537 2723 ,
2582 2665 2694 2711 ca-

414 2731 784 2827 loremque
834 2757 1067 2830 praeter
1097 2726 1414 2801 narni-am
1455 2731 1920 2827 persentiscere
1952 2781 1972 2805 ,
2014 2732 2318 2824 vigiliis,
2378 2731 2479 2803 siti
2512 2736 2692 2805 fasti-
2733 2744 3062 2812 quenqnsyn·

413 2829 551 2900 dio
587 2881 610 2914 ,
655 2832 929 2921 ejusque
958 2832 1219 2925 generis
1250 2828 1713 2922 symptomaris
1752 2823 2052 2893 infestari
2086 2855 2100 2894 ε
2165 2829 2334 2920 quin
2372 2831 2578 2900 etiam
2619 2834 2690 2904 in
2733 2812 2991 2855 ‘mmm'

411 2927 765 3027 plerisque
793 2928 1125 3022 linguam·
1152 2949 1451 2994 arentem
1480 2930 1549 2997 ὅ(
1585 2927 1856 3020 nigram
1895 2922 2392 3014 animadverti,
2443 2953 2517 3001 ut
2551 2955 2689 3001 non

411 3022 780 3101 immerito
798 3023 893 3093 lzae
903 3029 1117 3115 febres
1140 3025 1226 3091 ad
1247 3028 1635 3092 continentes
1671 3020 1901 3092 referri
1930 3020 2220 3095 debeant
2248 3078 2272 3113 ,
2323 3025 2484 3097 chm
2524 3032 2691 3101 alio-

411 3127 551 3224 qui
579 3124 768 3195 nulla
795 3120 1148 3195 manifeste
1181 3123 1249 3191 in
1288 3147 1453 3219 typo
1481 3124 1770 3194 varietas
1799 3119 2386 3217 deprehendatur,
2431 3126 2546 3200 sed
2590 3131 2687 3201 fe·
2729 3128 2870 3234 “2:⁶¹
2910 3119 3060 3180 ‘'⁶⁰¹¹-

406 3225 566 3300 bris
608 3221 744 3295 fere
788 3223 1254 3321 aequalitatem
1290 3224 1569 3290 retineat
1601 3246 1718 3319 per
1746 3218 2091 3313 integrum
2146 3224 2442 3298 mensem
2494 3228 2690 3297 luna-
2862 3218 2881 3244 '

404 3351 574 3397 rem
591 3376 614 3409 ,
642 3347 759 3393 aut
792 3320 1258 3419 quadraginta
1288 3318 1437 3390 dies
1464 3366 1490 3397 ‚
1527 3321 1650 3415 qui
1670 3319 1939 3388 termini
1968 3317 2112 3389 sunt
2137 3318 2422 3396 febrium
2452 3346 2697 3398 acuta*

403 3447 586 3495 rum
621 3426 689 3492 ὃ(
717 3424 1115 3517 graviorum
1152 3413 1551 3489 fluxionum.

523 3518 774 3613 Itaque
824 3517 910 3588 fic
957 3516 1261 3595 existimo
1292 3570 1316 3604 ‚
1368 3516 1537 3589 dum
1568 3512 1837 3614 sanguis
1872 3513 2003 3590 five
2050 3519 2328 3593 venosus
2358 3518 2486 3594 five
2514 3547 2689 3596 arte-

399 3617 639 3695 riosus
671 3616 1058 3688 incenditur
1083 3616 1386 3688 uriturve
1419 3619 1489 3686 in
1516 3614 1682 3688 vasis
1712 3631 1929 3706 (nam
1936 3617 2222 3714 synocln‘
2252 3624 2685 3718 legitimoepo-

387 3716 734 3806 fiitsfient
764 3708 837 3786 &-
863 3720 1168 3810 impunes
1189 3761 1217 3793 ,
1248 3720 1441 3812 qua'm
1466 3740 1686 3810 putres
1716 3743 1856 3810 quae
1888 3717 2258 3786 arthriticos
2297 3716 2548 3789 dolores
2585 3751 2681 3794 co·
2724 3720 3050 3824 ‘aque-sym.

393 3823 743 3912 mitantur
756 3814 968 3908 febres
998 3817 1036 3889 )
1077 3814 1248 3888 dum
1282 3868 1299 3898 ‚
1344 3818 1630 3911 inquam
1658 3866 1681 3899 ‚
1729 3816 2003 3913 sanguis
2055 3816 2350 3914 primum
2386 3816 2631 3893 ebullit
2657 3876 2682 3908 ,
2723 3797 2840 3896 uia:-
2903 3800 3050 3843 '⁰¹⁹⁸'

395 3925 571 3992 t‘um
624 3916 842 3987 serum
892 3941 1052 3986 cum
1085 3941 1167 3987 eo
1212 3915 1583 4012 plurimum
1634 3914 2022 3986 immixtum
2061 3912 2481 3989 effervescens
2535 3917 2685 3991 des-

391 4013 850 4117 pumansque
888 4015 924 4084 ὲ
960 4038 1188 4085 centro
1219 4013 1450 4109 spont‘e
1495 4012 1609 4081 sua
1651 4008 2023 4082 necessario·
2044 4039 2349 4087 movetur
2404 4019 2473 4086 in
2526 4020 2680 4092 vasa

386 4136 695 4201 externa
724 4160 748 4201 ,
805 4111 996 4209 quod
1024 4111 1188 4186 fines
1214 4134 1457 4181 eorum.
1504 4111 1800 4186 articulis
1857 4112 2296 4213 implantatos
2340 4139 2464 4189 nec
2511 4118 2689 4200 ulte-5

399 4250 452 4269 ορ.
