3593 5087
614 3322 791 3377 βιαία,
806 3316 935 3366 Μεῖ-

613 3384 674 3433 ιὶο
696 3377 950 3425 eneo'e'thioe·

613 3442 660 3485 ἃ
681 3435 935 3482 indomabi-

589 3495 935 3597 ,Ίὲιὲοοοοωιο

940 387 1091 494 348
1210 375 1603 464 Momm
1695 375 2207 464 vim-rurs
2284 379 3061 466 mma-‚molus

944 516 1338 614 visceraque
1388 515 1607 589 craffis
1638 520 1710 591 &
1740 513 1973 589 crudis
2006 512 2282 613 opplere
2337 510 2546 585 succis
2589 539 2674 585 ac
2704 515 3021 590 infarcire
3044 517 3205 619 pol-‘-

945 616 1101 689 sunt
1119 667 1144 702 ‚
1193 618 1382 688 illinc
1422 619 1635 714 quam
1669 615 2051 711 frequentes
2084 608 2465 685 occasiones
2512 612 2916 713 sanguinem
2944 642 3207 690 utrum-

946 741 1086 814 que
1109 717 1180 788 in
1212 717 1461 790 viscera
1514 716 1626 788 seu
1656 716 1726 786 in
1761 713 2027 787 nativos
2067 712 2286 783 fontes
2319 712 2740 812 impellentes
2767 768 2794 800 ,
2841 717 3207 815 impulsum

949 813 1340 888 cohibentes
1371 866 1395 902 ‚
1457 812 1977 910 cohibitumque
2042 809 2395 911 putredini
2465 816 2536 885 &
2582 815 2983 912 corruptelae
3038 814 3209 888 obli·

949 938 1192 1013 gantes
1213 969 1237 1004 ‚
1288 918 1541 986 mirum
1584 911 1890 1013 profecto
1918 937 2059 1004 non
2084 906 2426 983 videbitur
2453 908 2705 983 viscera
2739 910 2989 984 crebris
3033 914 3209 987 adeo

951 1039 1341 1113 opportuna
1379 1013 1700 1089 vasorum
1751 1009 2123 1112 angustiis,
2183 1010 2614 1110 propriaeque
2674 1008 3057 1084 substantiae
3110 1017 3213 1087 in.-

948 1112 1236 1188 fartibus
1262 1108 1410 1186 effe.
3234 1110 3240 1114 ⁴

1053 1212 1403 1309 Equidem
1424 1210 1565 1283 dici
1596 1236 1734 1282 non
1779 1208 1999 1311 potest
2040 1209 2251 1307 qu'am
2275 1205 2556 1281 uberem
2637 1234 2797 1283 rava
2823 1235 3210 1310 perperam,-

957 1336 1096 1408 que
1139 1311 1447 1384 instituta
1485 1310 1702 1384 vietus
1747 1313 1926 1382 ratio
1973 1315 2044 1384 δι
2102 1307 2464 1408 praesertim
2520 1235 2715 1382 lanr
2758 1311 3063 1409 corporis
3105 1314 3214 1383 in-

955 1410 1353 1513 tempestive
1389 1465 1414 1502 ,
1489 1416 1562 1484 &
1611 1409 1841 1480 adbuc
1891 1408 2160 1481 ἰηςοᾶο
2205 1407 2361 1479 cibo
2409 1408 2615 1481 initus
2657 1404 3152 1483 subministrent
3187 1440 3216 1489 a

956 1536 1081 1582 aut
1124 1514 1336 1609 quam
1362 1507 1579 1581 crebri
1634 1506 1722 1579 ab
1759 1510 1974 1579 animi
2027 1504 2433 1608 passionibus
2498 1513 2567 1581 ὅ(
2628 1507 2992 1606 praesertim
3042 1512 3219 1585 aeris

958 1609 1392 1701 inclementia
1440 1615 1513 1682 &
1568 1604 1798 1680 subitis
1846 1631 2053 1704 atque
2093 1603 2579 1678 alternantibus
2626 1609 2770 1696 ejus
2809 1609 3211 1680 mutationi-

958 1706 1532 1804 bu8‚.Boreaeque
1572 1707 1939 1807 praesertim
1978 1704 2246 1777 flatibus
2276 1758 2307 1792 ,
2343 1704 2639 1777 maxime
2682 1707 2753 1776 in
2800 1707 3027 1804 plagis
3053 1705 3210 1808 Sepe-

959 1806 1482 1881 tent'rionalibus
1523 1808 1926 1905 contingant
1997 1805 2347 1905 sanguinis
2409 1803 2708 1877 recursus
2758 1805 3221 1905 impulsusque

958 1906 1096 1982 five
1126 1909 1290 1980 lenti
1318 1961 1343 1995 ,
1393 1904 1525 1981 sive
1550 1906 1839 1977 conferti
1865 1907 1935 1976 in
1963 1904 2215 1979 viscera
2242 1957 2268 1991 ‚
2328 1905 2370 1975 'a
2412 1902 2659 2000 quibus
2703 1903 2919 1976 febres
2942 1908 3208 2005 pletho.-

958 2008 1105 2080 rica
1158 2004 1494 2081 invadunt
1545 2028 1836 2106 corpora
1864 2057 1889 2092 ‚
1936 2029 2168 2100 eoeque
2208 2004 2366 2077 licet
2411 2027 2636 2103 parvae
2664 2055 2688 2090 ‚
2727 2005 3066 2077 continuae
3115 2031 3217 2080 ta·

959 2132 1126 2180 men
1158 2112 1231 2181 &
1265 2104 1401 2178 fere
1432 2102 1712 2176 funestae
1735 2157 1761 2192 ,
1805 2128 2015 2202 atque
2056 2101 2368 2203 hydrope
2408 2104 2784 2174 terminata:
2813 2156 2841 2191 ,
2865 2105 3032 2174 .imo
3079 2132 3220 2179 non

958 2204 1083 2278 nisi
1118 2232 1297 2296 'cum
1359 2231 1443 2278 eo
1486 2204 2015 2277 commorientes
2038 2257 2067 2291 ,
2108 2206 2183 2273 in
2214 2199 2461 2299 quibus
2514 2203 2919 2301 plerumque
2965 2202 3221 2279 viscera·

958 2304 1147 2378 tensa
1208 2311 1281 2380 δε
1316 2306 1691 2377 immanem
1719 2301 2103 2400 aliquando
2133 2304 2202 2372 in
2233 2327 2575 2378 tumorem
2599 2355 2626 2389 ,
2674 2303 2801 2398 qui
2845 2303 3055 2375 etiam
3078 2306 3220 2377 cos-

960 2427 1191 2475 tarum
1236 2403 1505 2475 lumbos
1533 2403 1735 2503 supra
1779 2402 1986 2474 exstet
2024 2455 2053 2488 ,
2099 2408 2170 2475 δε
2220 2400 2397 2473 dura
2447 2399 2645 2499 supra
2690 2400 3216 2490 admirationem

959 2501 1333 2603 praesertim
1366 2502 1577 2600 hepar
1621 2552 1647 2588 ,
1699 2500 1894 2595 quod
1937 2499 2318 2597 aliquando
2350 2499 2572 2573 trunci
2608 2501 2783 2601 ligni
2818 2499 3023 2573 instar
3050 2503 3217 2579 edu-

960 2626 1116 2672 rum
1144 2598 1239 2672 est
1264 2653 1288 2688 ,
1337 2606 1408 2673 ὅ(
1433 2599 1647 2672 veluti
1672 2599 2086 2670 retorridum
2115 2653 2139 2687 ‚
2197 2607 2268 2674 δε
2296 2601 2558 2695 alioqui
2594 2601 2781 2671 rimis
2821 2597 3041 2674 fiffum
3070 2606 3219 2704 plu·
3261 2674 3277 2703 ·.

960 2700 1150 2771 rimis
1174 2752 1199 2787 ‚
1227 2700 1300 2770 in
1335 2694 1584 2796 quibus
1608 2722 1866 2793 aquam
1897 2724 2147 2799 puram·
2160 2699 2308 2773 vidi
2333 2701 2716 2771 latitantem
2742 2705 2811 2773 δε
2832 2701 3227 2798 aliquando

963 2797 1293 2871 inclusam
1344 2801 1420 2870 in
1473 2793 1780 2871 veficulis
1835 2823 1988 2896 quae
2040 2798 2402 2894 hydatides
2481 2797 2801 2871 dicuntur
2832 2828 2861 2876 3⁷
2912 2824 3065 2896 quae
3112 2827 3214 2874 ta·-

961 2910 1122 2970 me‘n
1151 2924 1308 2971 meo
1343 2892 1612 2989 iudicio
1637 2922 1776 2971 non
1801 2921 2130 3000 apparent
2157 2952 2180 2985 ,
2237 2896 2359 2971 nist
2392 2892 2958 2971 inflammatorius
2994 2926 3219 2975 tumor

961 2999 1202 3092 aliqua
1228 3001 1304 3069 in
1325 3020 1517 3097 parte
1548 2994 2052 3096 suppuraverit:
2097 2995 2404 3070 vesicula:
2436 2997 2621 3069 enim
2668 2998 2841 3070 fiunt
2884 3002 3040 3072 mea
3077 3003 3217 3074 sen-

962 3096 1179 3167 tentia
1233 3121 1316 3167 ex
1369 3095 1556 3196 puris
1629 3119 1828 3196 parte.
1903 3098 2139 3195 aliqua
2200 3096 2671 3170 concrescente
2726 3103 2796 3172 &
2849 3102 3128 3174 excocta
3176 3101 3226 3174 ἐκ

962 3194 1211 3267 calore.

1068 3292 1656 3393 Supervacaneum
1685 3290 1794 3367 hic
1839 3294 2015 3370 foret
2037 3295 2450 3372 Cacob‘thiam
2488 3296 2715 3387 ascicis
2756 3293 2831 3368 ό-
2862 3298 3235 3369 indomabi-

970 3405 1093 3468 lem
1149 3399 1625 3467 contumaciam
1671 3394 1979 3495 pluribus
2028 3396 2442 3481 describere,
2497 3421 2651 3492 quae
2699 3421 2958 3469 naturae
2994 3399 3168 3471 vires
3196 3453 3241 3487 r
3316 3454 3321 3459 ,

969 3493 1266 3590 artisque
1307 3519 1580 3568 omnem
1608 3493 2016 3568 industriam
2054 3499 2147 3568 ita
2174 3495 2393 3570 eludit
2436 3517 2512 3567 ut
2542 3498 2853 3567 omnium
2908 3496 3232 3569 Medico·

852 3616 864 3629 ·
968 3624 1122 3670 rum
1168 3595 1447 3693 ingenia
1476 3590 1879 3664 subsannare
1922 3596 2196 3691 vulgari
2222 3595 2338 3667 sed
2369 3621 2531 3669 vero
2583 3592 3046 3715 perhibeatur⁸
3072 3623 3247 3713 pro·-

967 3693 1205 3769 verbio
1237 3725 1252 3764 :
1298 3693 1776 3790 L'lzydropique
1792 3690 1939 3783 fait
1970 3721 2120 3762 aux
2143 3699 2459 3766 me'decins
2485 3703 2557 3765 la
2589 3699 2803 3791 nique.
2850 3694 3055 3768 Certe
3079 3719 3249 3783 ejus

968 3793 1404 3891 malignitate
1444 3791 1653 3892 longe
1723 3792 1899 3863 lures
1924 3793 2136 3888 quam
2181 3793 2585 3891 cujusquam
2617 3797 2892 3866 alterius
2917 3794 3237 3866 chronici

971 3888 1246 3963 affestus
1294 3891 1546 3964 confici
1614 3817 2100 3988 tazescereque
2160 3899 2257 3967 &²
2294 3895 2485 3964 mori
2524 3893 2928 3991 experientia
2983 3892 3245 3987 quoti-

971 3988 1183 4063 diana
1234 3988 1509 4062 abunde
1538 3989 1818 4062 testatur
1837 4043 1860 4077 ,
1901 4018 1984 4065 cu
1991 3996 2094 4083 jus
2178 3995 2478 4068 ravitatis
2507 4002 2679 4066 ratio
2706 3993 2858 4064 satis
2891 3988 3092 4064 obvia
3115 3988 3243 4064 est‘.

967 4087 1048 4157 in
1075 4113 1635 4168 commemoratas
1663 4091 1710 4166 a
1734 4088 1933 4168 nobis
1976 4020 2213 4170 caussis
2245 4099 2388 4189 ejus
2415 4091 2787 4194 diligenter
2817 4089 3257 4171 attendenti-›-
