3593 5087
868 279 1017 453 492
1149 350 1581 428 MORBI
1683 343 2261 427 EXTERNI
2348 338 2907 422 HABITUs

963 474 1323 563 Quoniam
1367 474 1527 550 vero
1578 472 1789 548 maffa
1841 475 2184 569 sanguinis
2221 474 2617 572 temperiem
2650 477 2723 544 &
2753 481 3137 573 proportio-

871 599 1028 645 nem
1063 577 1440 647 naturalem
1463 575 1834 647 humorum
1868 578 2104 645 retinet
2137 625 2161 657 ‚
2203 567 2324 641 ni‘fi
2371 571 2561 668 quod
2602 569 2694 641 ad
2731 575 3129 645 calidiorem

872 678 943 745 &
988 671 1327 745 sicciorem
1356 672 1532 762 justo
1563 700 1842 772 vergere
1873 672 2176 758 videtur,
2209 677 2279 743 &
2300 671 2466 741 alias
2500 671 2717 742 serum
2741 671 2949 769 longe
2975 699 3138 743 exu-

869 796 1065 872 perat
1090 826 1113 859 ‚
1140 771 1566 844 exacerbatio
1599 800 1829 844 autem
1859 773 1977 842 illa
2019 769 2138 842 sub
2173 769 2516 881 vesperam
2542 771 2859 866 sanguini
2886 770 3136 842 atrabi-

869 871 1143 942 lescenti
1172 877 1241 944 ὅ(
1278 873 1448 942 ali'as
1475 870 1689 943 seroso
1723 871 1816 942 est
1853 870 2239 944 familiaris;
2268 875 2459 967 ligna
2507 870 2712 966 porro
2739 872 2973 940 omnia
3003 869 3139 960 san7

870 971 1100 1067 guinis
1130 967 1737 1042 inflammationem
1764 977 1833 1043 &
1863 966 2293 1041 adustionem
2331 967 2713 1066 significant
2757 969 3003 1040 scilicet
3027 995 3139 1040 ve-

873 1071 1213 1140 hementia
1248 1076 1318 1142 &
1363 1071 1737 1140 acrimonia
1771 1069 2014 1139 caloris
2041 1120 2064 1153 ‚
2113 1068 2423 1165 nigrities
2462 1074 2535 1140 &
2578 1066 2864 1139 ariditas
2887 1067 3139 1165 linguat

819 1247 846 1265 K
927 1169 1108 1238 rimis
1132 1170 1325 1238 annis
1366 1168 1621 1268 semper
1667 1168 2027 1266 conspicua
2055 1164 2227 1237 dum
2264 1190 2342 1237 os
2372 1163 2579 1237 libere
2617 1168 2951 1265 aperiret,
2975 1173 3139 1238 ut&

868 1195 1213 1340 fabiorum
1256 1268 1463 1338 etiam
1491 1265 1842 1367 postremis
1870 1267 2062 1336 annis
2087 1316 2111 1351 ,
2152 1292 2231 1337 ex
2263 1265 2403 1359 quii
2429 1318 2453 1351 ‚
2477 1287 2880 1360 quanquam
2918 1290 2995 1335 os
3021 1266 3141 1334 mi-

871 1364 1056 1437 nime
1097 1364 1421 1437 diducere
1452 1365 1666 1463 potest
1709 1367 1988 1457 illustris
2012 1389 2172 1457 aeger
2190 1417 2213 1450 ‚
2241 1363 2434 1458 quod
2480 1388 2701 1463 partes
2728 1362 3140 1464 potissimiun

875 1465 1246 1564 superiores
1287 1463 1647 1535 arthritide
1695 1487 2166 1561 occupantur3
2200 1462 2589 1536 ariditatem
2637 1463 2891 1562 linguae
2933 1465 3146 1551 conji-

875 1585 1025 1636 cere
1076 1562 1170 1635 est
1202 1615 1225 1649 ,
1284 1562 1461 1634 certe
1534 1562 1636 1632 his
1691 1561 2069 1633 adustionis
2122 1557 2324 1659 signis
2392 1558 2644 1634 febrem
2696 1563 2768 1631 in
2818 1563 3147 1659 sanguine

879 1655 1101 1760 magis
1157 1661 1477 1733 arterioso
1538 1659 1816 1732 accenso
1873 1663 2083 1757 qu‘am
2133 1661 2205 1732 in
2283 1660 2530 1736 venoso
2577 1659 2811 1732 focum
2900 1659 3146 1737 habere

878 1758 1342 1857 suspicariest.·
1480 1831 1486 1836 ,

976 1858 1215 1949 Quam
1270 1859 1736 1948 conjeehiram
1778 1858 2139 1931 confirmat
2167 1854 2372 1932 rubor
2396 1850 2599 1931 faciei
2641 1859 2712 1929 in
2747 1883 2940 1958 parte
2972 1854 3154 1930 finis-

879 1958 987 2031 tra
1032 1958 1461 2059 pulsatioque
1485 1956 1799 2031 senfibilis
1819 1960 1892 2029 in
1920 1960 2129 2032 latere
2153 1954 2409 2030 sinistro
2426 1983 2623 2054 ,quae
2655 1956 2847 2056 signa
2874 1959 3161 2046 lienem,

878 2058 1139 2132 fontem
1165 2057 1412 2128 scilicet
1441 2057 1784 2155 sanguinis
1812 2054 2107 2130 arteriofi
2135 2059 2357 2155 potius
2381 2060 2592 2153 quam
2624 2057 2709 2129 he
2759 2083 2837 2127 ar
2882 2057 3158 2155 sangui-

882 2160 986 2235 nis
1033 2154 1256 2231 venosi
1287 2153 1638 2228 officinam
1685 2156 1910 2252 magis
1953 2153 2135 2227 affici
2159 2155 2408 2228 docent
2433 2209 2456 2242 ‚
2482 2084 2913 2255 proindpeque
2938 2161 3011 2228 &
3048 2180 3151 2225 ar-

881 2259 1083 2332 terias
1146 2282 1258 2328 ma
1315 2281 1434 2328 nas
1470 2256 1681 2353 quam
1717 2280 1921 2329 venas
1950 2257 2294 2328 continere
2329 2256 2462 2326 una
2512 2281 2672 2327 cum
2711 2257 2885 2326 liene
2924 2255 3159 2326 focum

884 2354 1089 2428 febris
1124 2387 1138 2425 :
1168 2281 1780 2427 inffammationem
1813 2380 2041 2426 autem
2079 2355 2301 2454 potiiis
2330 2354 2541 2450 qu'am
2571 2352 3006 2454 putredinem
3066 2352 3163 2424 fe-

890 2452 1081 2535 brem
1124 2454 1366 2526 inferre
1393 2481 1474 2526 ex
1517 2450 1718 2552 signis
1761 2452 1897 2523 illis
1922 2453 2098 2545 ante
2153 2455 2546 2526 memoratis
2584 2454 2831 2527 scilicet
2889 2449 3171 2528 ariditai

892 2575 959 2631 te
984 2606 1008 2638 ,
1063 2556 1133 2632 &
1177 2577 1398 2624 acrore
1436 2554 1691 2648 lingua:
1731 2548 2141 2627 concludere
2181 2551 2296 2624 est.

993 2649 1185 2729 Nam
1229 2650 1606 2750 putredinis
1644 2652 1714 2719 in
1753 2649 2089 2747 sanguine
2117 2647 2309 2750 ligna
2334 2650 2618 2726 minime
2645 2652 2795 2725 sunt
2820 2651 3165 2727 evidentia

893 2745 1026 2826 five
1066 2750 1137 2824 in
1162 2749 1353 2847 pulsu
1379 2802 1403 2838 ‚
1437 2746 1566 2827 five
1616 2750 1687 2818 in
1715 2750 1922 2821 urinis
1958 2778 1980 2826 3
2014 2751 2443 2847 inaequalitas
2491 2749 2825 2848 liquidem
2852 2753 2976 2823 illa
3019 2753 3167 2850 pul-

890 2847 1000 2919 sus
1052 2865 1080 2895 ⁸
1114 2853 1368 2919 Galerio
1401 2872 1727 2921 annotata
1771 2873 1926 2943 quae
1960 2851 2028 2921 in
2060 2851 2396 2950 principio
2428 2853 2585 2922 cum
2615 2877 2732 2951 per
2758 2852 2825 2922 se
2861 2849 2939 2923 fit
2980 2848 3164 2922 diffi-

897 2948 1045 3018 cilis
1073 2950 1355 3045 cognitu
1382 3002 1406 3036 ,
1446 2974 1592 3019 tum
1620 2947 1690 3016 in
1741 2948 2041 3045 praesenti
2078 2949 2237 3021 casu
2273 2947 2546 3024 videtur
2598 2951 2883 3021 omnino
2929 2946 3174 3022 obscu-

896 3046 1034 3116 rari
1102 3051 1172 3117 δε
1240 3043 1641 3119 intertubari
1692 3046 1988 3119 motibus
2045 3048 2177 3121 illis
2231 3047 2532 3121 tremulis
2596 3045 2727 3122 live
2767 3046 3173 3123 convulfivis

896 3140 1260 3216 tendinum
1287 3150 1357 3218 δι
1413 3140 2171 3246 membranofi'generis
2218 3143 2505 3243 universi
2535 3199 2561 3233 ,
2615 3149 2737 3243 qui
2782 3146 3164 3221 vibrantem

902 3247 974 3316 ὅ(
1001 3243 1406 3338 inaequalem
1431 3244 1618 3317 varie
1661 3243 1930 3342 pulsum
1956 3242 2296 3333 reddunt,
2325 3250 2398 3319 &
2435 3243 2628 3342 quasi
2666 3242 3121 3320 convulsivum
3142 3276 3169 3316 2

900 3342 1112 3413 urinae
1137 3366 1365 3415 autem
1388 3396 1409 3428 ,
1433 3367 1588 3439 quae
1620 3345 1785 3415 alias
1833 3344 2200 3418 certissimae
2251 3344 2402 3416 sunt
2441 3344 2698 3418 indices
2741 3347 2895 3417 cium
2923 3342 3171 3444 speciei

901 3438 1147 3528 febris,
1203 3466 1351 3513 tum
1389 3441 1630 3541 speciei
1686 3439 1866 3515 crisis
1928 3442 2290 3517 solutionis
2328 3470 2414 3515 ue
2453 3446 2694 3520 futurae
2733 3450 2808 3518 δε
2848 3469 2989 3517 tem
3087 3446 3178 3515 ris

904 3539 1247 3629 ejusdem,
1290 3539 1399 3611 hic
1444 3539 1611 3611 nihil
1657 3543 1942 3615 omnino
1972 3547 2134 3614 certi
2169 3469 2436 3643 poliunt
2488 3541 2924 3617 denunciare.
3061 3569 3177 3615 am

903 3638 1161 3738 semper
1217 3663 1448 3711 tenues
1508 3637 1658 3709 sunt
1715 3643 1788 3710 ἀ
1833 3633 2198 3738 perspicua:
2250 3639 2459 3713 instar
2532 3667 2728 3738 aquae
2793 3640 3176 3716 sedimento

905 3740 1097 3808 omni
1142 3761 1441 3811 carentes
1480 3737 1713 3833 quales
1748 3737 1816 3806 in
1858 3732 2153 3810 febribus
2199 3764 2358 3812 cum
2388 3737 2684 3813 fluxione
2730 3739 3108 3828 conjunffis
3138 3792 3172 3827 ,

907 3837 979 3905 &
1017 3860 1170 3930 quae
1222 3836 1358 3909 fere
1401 3836 1628 3911 focum
1684 3832 1937 3906 habent
1982 3837 2054 3909 in
2094 3836 2236 3909 sero
2271 3837 2653 3912 ebulliente.
2697 3837 2910 3912 Adde
2968 3836 3169 3934 quod

908 3930 949 4001 'a
998 3932 1213 4032 longo
1260 3959 1562 4035 tempore
1619 3932 1992 4009 obstructio
2026 3934 2287 4028 obsedit
2334 3963 2701 4039 utrumque
2750 3961 2987 4021 <renem
3008 3988 3032 4025 2
3089 3959 3173 4007 ¹1⁸²

987 4101 1028 4157 ,ι
1056 4094 1111 4171 ,3.
1148 4082 1384 4171 Praesag.
1410 4085 1584 4172 pulsu
1606 4107 1657 4151 e.
1681 4102 1737 4154 7.
2150 4180 2153 4185 .
3026 4090 3177 4169 satis
