3593 5087
900 399 1046 500 ῄε
1381 407 1386 412 ·
1747 394 2333 477 FEBRES

559 570 749 617 mnam
773 565 841 613 fe.
978 530 1344 607 Enimvero
1424 526 1753 630 quoniam
1824 534 1897 603 in
1950 534 2154 604 ramis
2208 556 2416 632 portae
2489 521 2819 630 hepaticae
2872 527 3137 634 sanguis

512 627 838 737 {32:2322‘1
877 629 1125 704 craffus
1171 637 1242 704 in
1309 635 1549 734 hepate
1606 634 1876 730 genitus
1929 635 2313 704 continetur
2368 632 2555 727 isque
2588 639 2627 704 ‘a
2676 634 3137 709 mediocritate

413 737 428 744 ”
871 733 1100 804 versus
1130 733 1344 829 frigus
1369 786 1391 817 ‚
1441 756 1558 804 aut
1590 733 1890 803 calorem
1926 730 2242 802 recedens
2277 753 2294 820 (
2325 758 2481 801 nam
2509 756 2925 829 temperatus
2954 760 3138 834 pror-

634 831 668 885 &
869 830 976 901 sus
1006 832 1271 929 sanguis
1312 829 1431 901 nisi
1478 857 1712 931 praeter
1764 856 2081 902 naturam
2129 833 2309 928 prius
2349 829 2701 903 incaluerit
2754 839 2828 906 δε
2859 837 3001 918 jam
3045 833 3137 905 bi-

874 931 1116 1003 lescere
1143 934 1425 1029 coeperit
1470 956 1603 1030 prae
1631 930 1890 1001 ustione
1921 931 2171 1000 febrem
2197 930 2375 1001 cert'e
2408 930 2635 1003 fovere
2667 937 2904 1027 nequit
2924 934 2968 1025 )
2995 933 3142 1004 sunt

779 1090 784 1094 .
874 1054 1101 1101 autem
1140 1033 1313 1100 rami
1339 1032 1472 1101 un*a
1504 1057 1660 1102 cum
1680 1031 1822 1127 ipso
1845 1029 2065 1127 stipite
2094 1031 2290 1127 porta
2313 1029 2503 1100 dicto
2535 1030 2822 1128 infignes
2852 1033 3147 1130 septem,

572 1146 686 1216 Aljae·
734 1144 838 1190 suut
874 1132 1019 1198 inde
1050 1134 1121 1198 in
1149 1157 1218 1199 eo
1224 1128 1557 1221 sanguine
1590 1157 1699 1199 ceu
1725 1133 1996 1214 litbjeHo
2025 1128 2250 1198 haerent
2294 1131 2582 1222 duplicis
2623 1135 2867 1223 generis
2876 1135 3095 1222 febres
3120 1185 3146 1217 ,

507 1207 789 1265 ‘³¹¹⁰‘¹‘¹¹⁸”⁸
819 1233 836 1256 ’
873 1228 1263 1324 quotidianae
1275 1231 1531 1320 scilicet
1550 1232 1620 1297 in
1663 1233 1861 1299 crudo
1889 1228 1961 1298 <5-
1987 1226 2296 1320 pituitoso
2317 1282 2339 1313 ‚
2384 1230 2456 1297 ό·
2489 1235 2777 1299 tertianoe
2799 1233 2868 1297 in
2916 1231 3147 1320 biliofi)

553 1341 835 1391 szaetenia·
860 1327 991 1413 five
1019 1333 1240 1398 calido
1278 1379 1301 1406 ‚
1338 1354 1474 1425 quae
1511 1324 1752 1422 fiptem
1788 1331 2035 1397 circiter
2082 1334 2183 1399 vel
2220 1329 2702 1423 quatuordecim
2766 1332 3151 1399 circuitibus

511 1417 580 1450 ‘¹²
602 1435 621 1459 ³
873 1451 944 1497 ut
978 1432 1335 1520 plurimum
1368 1433 1790 1498 terminantur
1843 1430 2096 1497 tandem
2123 1479 2142 1509 ,
2184 1429 2562 1497 circuitibus
2608 1479 2628 1511 ,
2661 1430 2976 1523 inquam,
3004 1427 3149 1516 five

866 1529 1297 1624 paroxysmis
1339 1532 1801 1598 recurrentibus
1825 1578 1843 1609 ‚
1866 1530 2031 1621 quia
2058 1525 2305 1597 scilicet
2338 1528 2664 1623 sanguine
2697 1528 2767 1596 in
2800 1553 2940 1598 uno
2969 1554 3050 1599 ex
3077 1529 3151 1597 il-

870 1629 953 1697 lis
979 1631 1180 1698 ramis
1206 1627 1633 1698 delitescente
1681 1653 1760 1698 ac
1811 1652 1927 1724 per
1956 1624 2519 1724 putrefac’tionem
2560 1629 2932 1696 incinerato
2956 1628 3145 1698 diem

876 1728 1049 1796 intra
1091 1727 1469 1797 naturalem
1520 1728 1782 1798 circiter
1828 1750 2061 1824 utpote
2103 1749 2323 1824 pauco
2369 1723 2667 1821 ideoque
2715 1724 2919 1797 facile
2976 1727 3153 1798 reso-

873 1824 1071 1897 lubili
1117 1824 1246 1897 five
1289 1823 1676 1897 combustili
1726 1821 1925 1896 febris
1975 1825 2390 1920 extinguitur
2422 1877 2445 1911 ,
2497 1824 2673 1896 certe
2726 1824 2950 1897 fervor
3002 1831 3150 1915 ejus

874 1925 1139 2024 prorsus
1177 1925 1487 2024 tepescit,
1543 1948 1696 2021 quae
1735 1950 2006 2011 tamen,
2049 1928 2214 2021 quia
2269 1925 2520 1995 interea
2586 1923 2861 2021 sanguis
2892 1928 3012 2020 qui
3080 1928 3148 1996 in

876 2026 1193 2122 proximo
1242 2024 1394 2099 vase
1445 2026 1607 2095 latet
1650 2024 1994 2095 incalescit
2030 2021 2351 2094 contaRu
2400 2028 2470 2096 δε
2501 2025 2765 2095 ratione
2798 2023 3151 2123 sanguinis·

875 2125 1178 2222 primum
1228 2125 1702 2222 paroxysmum
1743 2123 2092 2197 excitantis
2118 2177 2140 2209 ,
2172 2127 2401 2217 itaque
2440 2120 2529 2191 ad
2558 2122 2994 2221 putredinem
3024 2152 3148 2226 ap-

875 2248 1193 2320 paratum
1257 2226 1454 2295 citius
1515 2246 1633 2295 aut
1679 2224 1938 2296 tardius
1998 2225 2295 2321 concipit
2332 2274 2355 2308 ,
2405 2224 2683 2293 recurrit
2737 2220 2926 2295 brevi
2972 2227 3147 2298 intra

875 2321 1067 2394 diem
1116 2349 1332 2395 unum
1374 2350 1494 2395 a-ut
1539 2326 1829 2397 alterum
1859 2347 1984 2420 pro
2014 2325 2255 2394 natura
2290 2321 2589 2393 humoris
2632 2320 2897 2393 facilius
2924 2325 3150 2396 citius-

877 2445 1016 2512 que
1053 2423 1484 2519 putredinem
1538 2422 1926 2495 imbibentis
1980 2454 1994 2493 :
2039 2449 2200 2494 nam
2251 2423 2520 2519 sanguis
2564 2422 2924 2523 pituitosus
2983 2427 3149 2522 quia

852 2518 1377 2609 ‘humidiffimus
1415 2527 1483 2593 δε
1526 2525 1779 2618 exiguo
1810 2522 1974 2593 ali⁸as
2018 2524 2246 2593 calore
2284 2521 2324 2591 “a
2376 2522 2617 2592 natura
2662 2519 2976 2620 praeditus
3024 2551 3149 2622 pu-

789 2644 828 2696 ,·
880 2615 1218 2687 tredinem
1244 2615 1465 2688 biliofi
1505 2644 1744 2716 utpote
1783 2618 1999 2697 calidi
2037 2627 2106 2693 δε
2148 2618 2300 2692 ficei
2333 2622 2669 2719 proevertit
2706 2622 2969 2693 circiter
3000 2626 3155 2723 spa-

881 2713 1055 2786 tium
1092 2717 1290 2788 unius
1333 2713 1493 2787 diei.
3142 2734 3147 2739 “

986 2813 1083 2887 At
1125 2812 1288 2889 vero
1329 2814 1662 2911 quoniam
1706 2816 1978 2917 sanguis
2025 2820 2095 2888 in
2132 2818 2310 2890 liene
2340 2819 2685 2892 confectus
2717 2843 2834 2918 per
2875 2843 3149 2919 portam

882 2914 1249 3015 splenicam
1284 2910 1691 2988 diffunditur
1719 2918 2247 3014 reconditurque
2274 2922 2344 2990 in
2389 2919 2602 3017 longe
2631 2917 2850 2990 multo
2910 2945 3147 2994 nume-

884 3013 1243 3085 rosioribus
1272 3018 1473 3087 ramis
1495 3067 1518 3101 ,
1542 3012 1847 3110 gastricis
1870 3016 2117 3088 scilicet
2140 3071 2162 3103 ,
2193 3018 2542 3117 epiploicis
2570 3071 2596 3105 ,
2629 3017 3149 3119 gastroepiploi·

889 3115 983 3185 cis
1030 3119 1101 3186 &
1150 3114 1298 3186 aliis
1355 3116 1627 3210 longius
1662 3118 1874 3211 quem
1926 3114 2287 3189 meseraica
2341 3119 2741 3215 exporrectis
2771 3172 2794 3205 ,
2836 3120 2890 3188 is
2941 3145 3144 3217 porro

521 3204 697 3312 ἐξ*
719 3223 851 3269 ‘¹⁰⁸¹'
889 3212 1238 3314 putredini
1275 3214 1570 3285 maxime
1624 3214 1858 3287 resistit
1905 3230 2142 3315 utpote
2172 3217 2438 3289 calidus
2462 3217 2502 3287 ὲ
2541 3220 2784 3290 natura
2832 3224 2901 3291 δ(
2938 3217 3139 3290 siccus

884 3313 1270 3387 admodum
1297 3365 1320 3399 ,
1380 3314 1533 3383 hinc
1577 3320 1823 3408 pariter
1889 3320 2394 3409 intermittentem
2447 3318 2705 3412 quidem·
2749 3318 2991 3408 febrem
3023 3315 3140 3410 sed

874 3437 1106 3508 quarto
1132 3439 1393 3511 *quoque
1431 3417 1532 3482 die
1563 3415 1898 3486 duntaxat
1923 3439 2335 3486 recurrentem
2378 3422 2625 3487 excitat
2657 3447 2671 3486 ε
2698 3441 2860 3491 nam
2898 3419 3148 3489 humor

874 3517 946 3582 in
996 3540 1134 3602 uno
1163 3540 1242 3585 ex
1289 3514 1388 3584 his
1420 3514 1625 3583 ramis
1648 3519 1814 3607 quia
1844 3516 2099 3613 paucus
2130 3514 2315 3588 brevi
2364 3509 2774 3587 incineratur
2803 3518 3141 3588 intermis-

874 3608 1125 3683 sionem
1161 3612 1323 3685 facit
1354 3666 1376 3698 ‚
1419 3610 1534 3682 sed
1585 3613 1751 3705 quia
1792 3613 2083 3708 putredo
2134 3615 2226 3685 ad
2275 3620 2583 3715 proxima
2633 3616 2789 3687 vasa
2826 3621 2896 3689 ὅ(
2948 3641 3142 3688 com-

876 3712 1273 3783 munionem
1321 3709 1642 3782 habentia
1674 3736 1813 3783 non
1851 3707 1969 3780 nifi
2027 3711 2240 3810 longo
2280 3740 2582 3813 tempore
2640 3740 2913 3813 propter
2953 3713 3146 3789 refif-

877 3810 1164 3909 tentiam
1206 3814 1538 3897 majorem
1582 3808 1676 3881 ad
1738 3835 1898 3881 eum
1945 3809 2242 3906 gradum
2295 3813 2603 3911 procedit
2651 3816 2897 3885 caloris
2929 3866 2952 3900 ,
3012 3818 3147 3911 qui

877 3906 1165 3976 emicare
1191 3908 1383 4007 poffit
1406 3915 1476 3981 ὅ(
1503 3907 1746 3980 febrim
1771 3911 1841 3979 in
1868 3931 2014 3978 toto
2046 3911 2437 3999 accendere,
2464 3914 2621 3983 hinc
2645 3915 2768 4008 qui
2786 3937 3148 3985 recurrunt

878 3996 1199 4099 deinceps
1225 4006 1605 4102 paroxysmi
1629 4004 1962 4079 numerofi
1988 4009 2271 4106 quidem
2299 4012 2445 4083 sunt
2484 4012 2917 4084 multitudini
2950 4012 3148 4085 vaso-

879 4110 1041 4185 gum
1069 4095 1526 4200 diversorum,
1551 4110 1624 4183 in
1655 4104 1903 4209 quibus
1938 4107 2212 4217 sanguis
2234 4110 2580 4191 successive
2622 4112 2945 4223 putrescit
3004 4109 3153 4226 ¹,3Y0

849 4258 856 4261 -
1431 4225 1437 4231 .
2906 4227 3151 4305 potius
