3593 5087
887 386 1042 486 με
1746 379 2345 457 FEBRES

880 513 994 583 seu
1044 510 1198 579 loco
1223 563 1246 597 ‚
1289 508 1419 594 hoc
1451 505 1544 580 est
1571 562 1594 596 ,
1645 510 2052 609 particulam
2107 513 2349 584 caloris
2402 509 2633 586 solaris
2658 566 2683 600 ,
2712 512 2836 613 qui
2863 516 3046 600 calos
3078 524 3169 595 11¹2,

879 635 984 682 cet
1026 635 1332 681 externus
1394 611 1556 682 vino
1609 608 1685 679 fit
1748 607 2031 681 tandem
2084 610 2188 682 illi
2242 612 2568 684 natur-alis
2634 619 2705 687 δε
2757 641 3079 714 cognatus
3123 676 3148 710 ,

881 716 956 792 ὃς
1004 734 1235 782 revera
1284 709 1456 781 alius
1506 706 1601 782 est
1649 710 1689 781 *a
1750 710 1976 781 calore
2043 733 2514 809 temperaturae
2573 709 2774 813 ipsius
2818 720 2961 790 vini
3011 747 3161 820 pro,

885 835 1059 910 prio.
2906 827 2914 839 “

981 907 1215 1004 Atque
1263 903 2020 1003 quoniam‘accidentia
2064 906 2207 981 duo
2266 908 2573 995 ejusdem
2618 909 2859 1010 speciei
2908 913 3169 991 faciunt.

831 1059 832 1062 =
881 1035 1098 1080 unum
1143 1033 1475 1096 numero,
1523 1035 1602 1079 ex
1651 1009 1831 1088 hisce
1902 1004 2170 1079 duobus
2226 1008 2565 1084 caloribus
2619 1009 2957 1086 conflatur
3003 1039 3167 1086 con-

785 1113 786 1116 ’
881 1106 1315 1203 stituiturque
1362 1132 1532 1179 unus
1575 1107 1736 1179 vino
1787 1107 1941 1179 vere
1975 1109 2298 1182 naturalis
2340 1160 2363 1194 ,
2405 1111 2527 1204 qui
2560 1111 2845 1184 minime
2886 1113 2959 1183 in
2986 1113 3175 1184 indi-.

881 1204 1126 1290 visibili
1195 1203 1486 1302 consistit
1518 1260 1540 1292 ,
1587 1205 1702 1277 led
1763 1206 1833 1275 in
1886 1204 2194 1302 quadam
2247 1207 2615 1288 latitudine
2658 1208 2879 1282 modo
2923 1213 3161 1285 scilicet

803 1397 806 1400 A
883 1311 1162 1396 major,
1209 1304 1423 1377 modo
1473 1309 1696 1378 minor
1727 1305 1885 1376 ciim
1928 1330 2052 1404 pro
2103 1307 2426 1384 varietate
2482 1307 2851 1407 specierum
2896 1309 3160 1410 planta-⁴

885 1433 1037 1490 rum
1090 1430 1238 1477 tum
1271 1432 1395 1506 pro
1419 1400 1805 1504 diversitate
1835 1405 2143 1482 locorum
2175 1434 2194 1481 3
2226 1404 2263 1476 ὲ
2318 1407 2543 1480 calore
2581 1410 2696 1504 qu'
2754 1436 2839 1508 pe
2878 1410 3013 1497 loqi
3067 1413 3167 1482 in-

882 1508 1168 1590 tentiore
1213 1510 1435 1594 major
1467 1511 1536 1577 &
1570 1503 1891 1575 intentior
1936 1500 2013 1574 fit
2067 1506 2259 1582 calor
2290 1506 2515 1580 vitalis
2561 1512 2634 1581 δι
2681 1534 2725 1579 e
2755 1499 3115 1588 ement‘aris
3137 1564 3165 1599 ,

880 1607 1024 1690 vini
1060 1602 1472 1704 experientia
1507 1628 1807 1698 namque
1836 1601 1998 1674 teste
2048 1604 2114 1674 in
2149 1606 2311 1708 locis
2347 1602 2676 1693 aestuofis,
2722 1605 2841 1678 ubi
2879 1609 2974 1678 sol
3022 1635 3166 1680 ma-

882 1707 1100 1794 jorem
1152 1697 1340 1774 afflat
1389 1701 1689 1774 calorem
1718 1754 1741 1789 ‚
1788 1701 1950 1777 vina
1993 1703 2330 1775 calidiora
2382 1702 2951 1805 generofioraque
3008 1734 3162 1809 pro-

889 1802 1251 1880 ducuntur.
1799 1849 1808 1855 -

445 1913 450 1918 '
535 1883 920 1974 &humiditas
982 1901 1219 1998 Atque
1250 1899 1547 1974 similiter
1587 1903 1746 1975 vino
1785 1904 2031 1996 duplex
2056 1899 2222 1972 inest
2248 1900 2610 1974 humiditas
2635 1931 2653 1980 ;
2683 1905 2912 1999 vinofiz
2964 1906 3164 1977 nimi-

504 1997 552 2030 τε
567 2000 657 2030 tam
676 1978 855 2033 νὶηοῖιί,

511 2044 655 2103 qum
672 2035 858 2097 aquus„

563 2975 650 3023 cui
706 2966 854 3027 ‘nafis

521 3034 758 3089 {anguinio
806 3037 852 3080 in

520 3092 727 3136 omnibus
762 3092 850 3143 resq

519 3148 705 3205 pondes.

891 2003 1415 2096 rumstzbstamia
1440 2001 1774 2072 humidum
1804 2005 1974 2072 illud
2018 2003 2315 2076 continet
2362 2027 2503 2099 quo
2543 2000 2619 2073 fit
2715 2008 2969 2077 artium
3000 2019 3177 2077 con-'

883 2105 1143 2195 junstio
1175 2157 1202 2191 ,A
1232 2104 1688 2199 intimumque
1736 2099 1829 2173 est
1871 2108 1940 2174 δε
1985 2103 2338 2200 proprium
2372 2105 2534 2176 vino
2563 2153 2586 2187 ,
2662 2101 2751 2173 ed
2807 2105 3054 2202 aquosa
3088 2108 3157 2175 in

883 2234 952 2286 eo
973 2203 1338 2299 substantia
1391 2204 1471 2297 est
1511 2203 1786 2271 alibrum
1835 2201 2172 2271 humidum
2223 2227 2302 2271 ex
2337 2203 2661 2273 alimento
2714 2205 3171 2276 contraitum.

881 2303 1073 2376 Nam
1102 2303 1272 2376 dum
1318 2328 1450 2374 uva
1476 2302 1599 2375 viti
1635 2299 1863 2372 adhuc
1894 2299 2149 2371 adnata
2185 2299 2526 2398 pendebat
2552 2352 2575 2386 ,
2607 2298 2702 2370 ad
2736 2327 2893 2372 eam
2922 2303 3165 2375 humor

879 2402 1173 2499 quidam
1200 2426 1455 2497 aqueus
1483 2425 1816 2496 tanquam
1863 2401 2267 2469 alimentum
2324 2400 2680 2499 proprium
2720 2397 3109 2473 confluebat
3137 2456 3165 2490 ,

878 2528 1173 2596 eumque
1202 2500 1558 2571 humorem
1589 2500 1895 2597 separata
1929 2523 2060 2571 uva
2110 2503 2351 2570 retinet
2399 2495 2694 2571 necdum
2723 2501 2797 2571 in
2844 2503 2990 2572 vini
3010 2499 3156 2573 sub-
3234 2572 3241 2583 ,

876 2598 1197 2670 stantiam
1223 2597 1542 2668 conversa
1576 2650 1601 2684 ‚
1654 2602 1799 2668 imo
1856 2598 2096 2683 vinum
2149 2595 2236 2667 ab
2288 2598 2424 2670 uva
2462 2593 2839 2697 expressum
2865 2602 3161 2673 eundem

879 2696 1001 2769 fibi
1032 2699 1420 2777 immixtum
1473 2696 1674 2766 habet
1713 2750 1735 2782 ,
1793 2693 2120 2790 idemque
2167 2694 2289 2767 diu
2340 2722 2498 2768 cum
2551 2697 2697 2797 ipso
2744 2701 2901 2772 vino
2944 2700 3158 2769 cohae-

880 2823 979 2871 ret
1009 2850 1033 2884 ‚
1066 2824 1188 2868 nec
1215 2798 1286 2867 in
1326 2795 1540 2895 ipsam
1571 2797 1710 2868 vini
1743 2788 2184 2865 substantiam
2226 2798 2529 2889 converti
2559 2797 3149 2898 ampliuspotest,

887 2895 1080 2995 quod
1128 2898 1370 2968 vinum
1397 2920 1541 2966 tum
1583 2896 1813 2965 anima
1851 2890 1925 2964 fit
1972 2894 2234 2993 prorsus
2275 2892 2695 2967 destitutum.

988 2996 1212 3091 Atqui
1245 2997 1316 3067 in
1349 2995 1720 3088 sanguinis
1747 3018 2028 3090 quoque
2082 2989 2281 3086 maffia
2325 3019 2484 3067 cum
2504 2994 2753 3087 duplici
2783 2994 3161 3065 humiditate

885 3099 1204 3189 duplicem
1246 3097 1477 3190 vigere
1522 3103 1800 3164 calorem
1834 3095 2117 3163 omnino
2168 3091 2261 3163 est
2296 3090 2691 3166 verosimile.
2718 3093 2914 3166 Nam
2947 3120 3161 3189 quan-

886 3193 1272 3293 doquidem
1314 3193 1583 3287 sanguis
1606 3195 1716 3267 vel
1744 3194 1951 3265 etiam
1983 3216 2167 3263 extra
2216 3216 2458 3290 corpus
2493 3190 2737 3264 effusus
2766 3246 2789 3280 ‚
2844 3194 2988 3263 imo
3022 3198 3158 3280 ejus
3242 3215 3251 3218 ·

879 3320 1105 3395 partes
1157 3290 1286 3365 five
1331 3290 1703 3368 substantiae
1753 3316 2153 3388 quanquam
2204 3290 2332 3364 ase
2366 3292 2661 3363 invicem
2698 3291 3008 3382 sejunCiae
3060 3291 3157 3361 ni-

881 3398 1252 3468 hilominus
1308 3395 1772 3465 continuitatis
1816 3390 2173 3482 cujusdam
2217 3391 2361 3463 sunt
2409 3392 2761 3462 retinentes
2788 3443 2813 3477 ,
2869 3390 3166 3461 calorem

882 3497 1036 3568 sane
1095 3497 1567 3567 elementarem
1631 3491 2112 3567 humidum&
2158 3488 2403 3561 siccum
2455 3491 2805 3562 unientem
2866 3486 3161 3563 habeant

880 3593 1137 3668 neceffe
1181 3592 1276 3666 est
1322 3625 1336 3663 ε
1377 3593 1534 3663 curn
1583 3615 1814 3661 autem
1850 3589 2102 3661 eaedem
2134 3615 2212 3660 ex
2245 3589 2307 3660 se
2362 3585 2485 3659 sint
2538 3584 2717 3663 fluxa
2754 3587 3155 3681 liquidaque

880 3720 1218 3793 corpora,
1266 3693 1491 3763 nullus
1531 3715 1670 3760 non
1711 3686 2346 3787 *praedominantem
2397 3689 2734 3764 internam
2791 3685 3153 3758 humidita-

879 3818 1016 3864 tem
1066 3791 1399 3890 agnoscit.
1450 3788 1584 3861 Sed
1612 3792 1780 3885 quia
1817 3789 1887 3859 in
1942 3787 2216 3858 vivente
2246 3811 2532 3885 corpore
2580 3781 2795 3857 massa
2837 3784 2976 3883 ipsa
3016 3783 3155 3853 san·

881 3895 1109 3985 guinis
1153 3918 1326 3967 cum>
1359 3890 1569 3961 corde
1619 3889 1884 3960 rarione
1930 3883 2244 3958 vasorum
2291 3884 2657 3983 infignium
2688 3882 3156 3979 conjungitur,

879 3990 1075 4061 fateri
1130 4015 1406 4086 quoque
1458 4013 1727 4088 oportet
1779 3986 1972 4060 vitali
2035 3983 2346 4081 quodam
2380 3986 2605 4056 calore
2656 3986 3069 4054 continenter
3106 3977 3145 4051 ὸ

878 4088 1087 4181 corde
1109 4082 1459 4188 diffluente
1495 4085 1691 4165 insito
1719 4084 1851 4170 five
1892 4085 2286 4165 elementari
2309 4079 2545 4161 afflato
2566 4083 2703 4161 frui
2728 4108 2812 4161 ac
2831 4078 3161 4193 gaudere·
