3593 5087
853 375 928 459 Ἀ
1029 366 1716 456 COLLUV1E
1818 364 2310 448 sssnosA.
2609 381 2714 474 ‘93

450 498 610 603 quis
647 507 893 579 certius
934 527 1419 604 argumentum
1456 507 1755 601 requirat
1803 504 2040 604 sopore
2072 501 2353 603 singulis
2381 494 2736 601 episema--

456 605 562 678 siis
593 601 1194 677 exacerbationum
1235 601 1739 701 periodicarum
1764 604 2127 700 conjunstp
2156 654 2181 690 ‚
2231 598 2503 676 &adeo
2542 626 2709 672 con-

454 727 733 776 tumace
757 756 780 791 ,
826 726 902 774 ut
935 699 1057 772 nisi
1111 700 1505 797 quindecim
1555 702 1738 775 horis
1769 704 2017 775 exaffls
2045 700 2409 774 solveretur
2434 703 2468 772 ?
2509 702 2709 772 Hanc
2770 723 3065 796 &ponpon-

363 859 380 874 .
451 828 620 874 certe
677 827 946 900 aqueum
982 802 1053 869 in
1092 802 1296 894 capite
1332 804 1767 894 impuritatem
1798 803 2212 892 confirmavit
2240 820 2481 891 reperta
2527 827 2704 895 aqua
2742 786 3058 888 {fflss'ffim‘

443 905 747 994 plurima
776 904 849 969 in
881 920 1014 969 toto
1045 901 1585 994 capitestagnans
1611 951 1636 987 ‚
1701 897 1777 980 6,-
1831 901 2043 972 adhuc
2076 903 2147 969 in
2173 900 2475 971 cadavere
2490 901 2651 992 reses
2668 947 2699 982 ,

409 1004 563 1068 ‘nec
591 1004 675 1068 ab
705 1000 927 1069 ardore
954 996 1187 1088 sehnli
1237 998 1563 1084 Afficcara.

539 1094 1036 1196 Defipientiam
1056 1121 1293 1167 autem
1329 1097 1374 1187 ζ
1400 1097 1566 1169 'nam
1596 1098 1636 1168 ὲ
1677 1097 1850 1170 Viro
1882 1098 2314 1191 magnanimo
2347 1096 2694 1188 querelam

432 1191 531 1265 de
575 1195 930 1283 anteriore,
959 1194 1202 1265 dolore
1227 1197 1467 1293 capitis
1501 1221 1636 1267 non
1675 1193 1772 1264 est
1816 1194 2008 1292 quod
2057 1192 2426 1291 quisquam
2457 1217 2696 1292 expec-

433 1289 635 1365 tasset
655 1346 680 1380 ‚
729 1295 853 1388 qui
879 1294 1258 1364 cruciatum
1294 1295 1751 1391 nephriticum
1810 1293 2066 1393 semper
2118 1290 2254 1362 fine
2301 1290 2443 1360 ulla
2472 1296 2694 1386 queri-

434 1392 703 1463 tatione
728 1444 752 1478 ,
803 1396 871 1463 δε
903 1392 1124 1488 magis
1156 1394 1370 1488 quam
1412 1390 1618 1463 stoice
1642 1391 2020 1489 perferret?
2070 1396 2140 1464 δε
2177 1387 2339 1462 vero
2389 1390 2457 1462 vi
2495 1387 2693 1490 sopo-

430 1488 526 1557 ris
557 1489 839 1590 depressi
877 1487 1031 1561 satis
1084 1514 1276 1560 erant
1309 1491 1494 1562 oculi
1527 1487 2027 1586 commiffaeque
2071 1485 2451 1588 palpebrae,
2493 1491 2690 1584 quod

427 1588 644 1658 etiam
699 1592 980 1660 comatis
1042 1588 1384 1686 utriusque
1452 1588 2160 1687 pathognomonicum
2231 1585 2500 1684 lignum
2533 1639 2558 1675 ‚
2612 1613 2689 1662 ut

433 1708 683 1761 neutro
716 1685 1039 1785 suscipere
1071 1682 1334 1784 posset)
1360 1686 1830 1786 desipientiam
1852 1742 1875 1777 ‚
1915 1689 2202 1782 inquam
2218 1740 2243 1774 ,
2285 1686 2436 1759 satis
2462 1686 2684 1787 super-
2753 1694 3050 1774 ”drimi-

425 1805 567 1879 que
600 1785 949 1857 testificata
984 1786 1132 1857 sunt
1161 1785 1419 1859 oblivio
1445 1840 1470 1874 ,
1530 1790 1824 1882 garritus
1854 1839 1877 1871 ‚
1916 1809 2257 1880 nugaeque
2303 1785 2339 1855 “a
2368 1783 2536 1857 serio
2565 1786 2688 1858 ho-
2729 1769 2867 1805 ω’·

423 1884 617 1954 mine
651 1881 959 1980 expreffae
986 1935 1009 1970 ,
1069 1889 1139 1956 &
1185 1883 1786 1983 interruptionibus
1836 1881 1968 1956 sive
2000 1882 2686 1966 intervalliscomatis

419 1982 779 2080 pervigilis
808 1983 1221 2053 intermixtae.

525 2077 678 2150 Nec
718 2106 879 2155 vero
922 2104 1310 2179 temporum
1364 2079 1565 2152 saltus
1629 2082 1700 2151 in
1749 2078 1976 2152 nostro
2045 2098 2310 2177 aegroto
2367 2073 2686 2154 obscurus
2774 2112 3044 2162 remu...

418 2171 560 2246 effe
596 2182 818 2277 potuit
845 2230 870 2264 ,
922 2182 1081 2249 ciun
1104 2177 1306 2248 febris
1358 2203 1497 2248 non
1544 2181 1760 2250 tenuis
1789 2232 1812 2266 ,
1867 2203 1943 2250 ut
1988 2179 2154 2249 ali‘as
2183 2176 2320 2247 fere
2355 2175 2397 2268 <
2427 2200 2587 2273 nam
2615 2181 2684 2250 in
2727 2171 3050 2288 δ’(ῗξξζξξξξ

417 2270 696 2347 senibus
731 2274 820 2348 ob
871 2277 1228 2374 penuriam
1268 2275 1509 2347 caloris
1561 2279 1771 2350 nativi
1810 2276 2088 2366 subjesti
2145 2273 2396 2346 scilicet
2431 2273 2681 2352 febrilis
2725 2286 2928 2346 msto-l
3081 2293 3084 2300 ’

419 2373 672 2445 caloris
704 2374 905 2446 febris
934 2374 1052 2446 sua
1082 2375 1294 2474 specie
1317 2391 1574 2471 magna
1604 2375 1873 2449 videtur
1909 2400 2117 2476 parva
2136 2427 2161 2461 ,
2201 2372 2556 2470 tenuisque
2585 2379 2677 2451 ad

421 2473 685 2547 tastum
715 2475 974 2567 &latet
1000 2473 1233 2576 saepius
1259 2473 1304 2567 )
1335 2473 1449 2546 sed
1480 2474 1632 2547 satis
1667 2500 1926 2575 magna
1954 2473 2282 2565 adjumsta
2321 2468 2511 2546 effet:
2551 2482 2673 2572 qui

417 2575 605 2643 enim
644 2570 842 2647 febris
874 2576 1088 2647 tenuis
1115 2570 1244 2647 esse
1276 2569 1486 2671 posset
1528 2581 1599 2649 ὅ(
1626 2572 1912 2646 obscura
1955 2600 2109 2648 vere
2159 2578 2301 2663 jam
2348 2576 2672 2675 praecipiti

416 2671 490 2741 in
534 2698 648 2744 cor
699 2700 815 2745 ore
865 2671 1055 2747 vasto
1089 2725 1113 2759 ,
1170 2673 1539 2769 calidoque
1563 2671 1866 2773 impense
1894 2680 1963 2747 &
1997 2672 2288 2744 humido
2315 2674 2351 2744 *a
2382 2678 2625 2745 natura
2644 2731 2668 2762 ,

416 2773 592 2842 &in
632 2698 961 2869 {inguine
993 2768 1082 2842 ob
1110 2774 1254 2845 vini
1298 2769 1604 2869 generosi
1655 2775 1964 2867 merique
2018 2769 2215 2842 usum
2261 2772 2470 2869 paulo
2507 2771 2669 2844 libe-

419 2867 740 2941 raliorem
770 2867 1015 2939 adusto
1046 2869 1352 2943 haerens?
1386 2868 1648 2941 Scilicet
1671 2871 1786 2940 ille
1828 2869 1961 2944 sive
1985 2869 2153 2943 vitio
2194 2871 2399 2940 aetatis
2433 2921 2456 2955 ‚
2511 2896 2666 2966 quae
2764 2900 2960 2963 musqu-

416 2962 543 3036 fibi
586 2966 737 3062 plus
782 2966 938 3035 satis
985 2966 1408 3056 observatione
1453 2969 1831 3062 Arssotelis
1875 2967 2346 3065 indulgentior
2397 2966 2491 3037 est
2519 3021 2542 3055 ‚
2597 2977 2667 3045 δε
2704 2962 2852 3075 2⁰¹⁶

425 3067 652 3161 magis
688 3064 1107 3135 incontinens
1131 3116 1157 3150 ‚
1211 3061 1341 3135 five
1383 3065 1607 3163 potius
1652 3062 1752 3135 fiti
1805 3068 2131 3165 perpetua
2155 3119 2180 3155 ,
2228 3066 2438 3161 qu‘am
2466 3066 2667 3141 febri-
2701 3045 2908 3177 ,ζὲζῖ

402 3160 575 3241 Ἴιςυκτ
618 3162 786 3232 alias
815 3164 1031 3234 tenuis
1054 3214 1079 3248 ,
1124 3168 1194 3236 &
1254 3162 1293 3232 ὲ
1347 3162 1570 3262 primii
1628 3162 1749 3233 ina
1790 3165 2207 3264 impressione
2252 3165 2394 3238 toti
2421 3165 2665 3262 hyeme

417 3260 630 3333 latens
652 3264 862 3332 aleret
885 3316 911 3350 ,
958 3276 1249 3359 cogente
1273 3263 1435 3335 vino
1458 3263 1821 3333 meraciori
1844 3268 1913 3335 &
1941 3262 2032 3335 du
2084 3267 2154 3339 lo
2179 3267 2426 3356 majori
2451 3270 2661 3363 quam

411 3356 869 3457 superioribus
910 3357 1218 3433 aetatibus
1250 3362 1633 3457 quantitate
1669 3359 1935 3459 ingesto
1966 3289 2355 3439 asfueverat.

513 3454 712 3547 Quid
758 3458 1059 3556 denique
1093 3461 1393 3559 corporis
1437 3460 1840 3560 impotentia
1874 3468 1944 3536 δι
1980 3462 2235 3566 sopor?
2293 3485 2661 3556 utrumque
2723 3497 2862 3558 ⁵⁶⁸⁶·
2904 3518 3011 3565 ω,

405 3554 570 3628 sane
642 3557 746 3629 vel
822 3559 1081 3657 primus
1130 3556 1350 3631 morbi
1404 3558 1683 3634 insultus
1746 3561 1787 3633 ὲ
1836 3561 2028 3635 nobis
2098 3563 2470 3658 descriptus
2500 3565 2539 3652 (
2570 3585 2656 3633 ne
2688 3558 2902 3657 3¹¹0ffi‘·
2967 3596 2994 3622 ι

2718 3614 2922 3677 esumpta

407 3653 1005 3767 dum-gangraena
1056 3653 1266 3757 paqu
1303 3681 1457 3731 ante
1506 3683 1800 3732 mortem
1847 3662 1885 3732 a
1926 3658 2315 3749 contusione
2355 3663 2653 3757 corporis
2734 3676 3005 3723 namma

404 3754 617 3827 veluti
665 3752 972 3853 plumbei
1035 3761 1105 3829 &
1132 3781 1272 3855 prae
1311 3759 1714 3858 impotentia
1758 3758 2131 3857 graviffimi
2185 3756 2257 3824 in
2313 3754 2376 3827 se
2416 3754 2650 3855 sponte
2684 3730 3008 3893 ffimgffi

406 3852 827 3926 concidentis
868 3855 1284 3956 importata)
1307 3882 1450 3929 tam
1472 3857 1850 3930 luculenter
1884 3851 2288 3952 significavit
2306 3907 2329 3942 ,
2357 3877 2431 3927 ut
2456 3858 2493 3929 ὲ
2524 3858 2648 3930 do-
2686 3898 2839 3947 ,ἰωὴ

402 3948 692 4027 mesticis
732 3954 958 4027 nullus
993 3957 1227 4054 exigui
1250 3954 1428 4028 adeo
1452 3954 1699 4047 judicii
1728 3955 1803 4022 in
1841 3953 2249 4050 Illustriffimi
2272 3954 2354 4025 V
2345 3957 2433 4026 in·
2457 3955 2643 4030 habi-

397 4071 550 4133 tum
572 4100 605 4153 ,
647 4074 903 4155 oraque
924 4105 953 4153 ,
993 4058 1066 4134 δι
1105 4054 1291 4152 fasta
1347 4072 1763 4153 converteret
1792 4054 2024 4136 oculos
2036 4106 2066 4150 ,
2118 4055 2245 4158 qui
2281 4080 2425 4135 non
2450 4055 2652 4138 astu*
