3593 5087
888 437 960 511 A
1061 431 1649 511 DILUVIE
1761 423 2377 504 SEROSA.·
2526 441 2672 524 393

414 551 566 630 satis
607 552 998 634 indicarunt
1050 560 1322 632 dolores
1350 560 1707 657 nephritici
1749 558 2081 661 praegressi
2114 612 2136 646 ,
2182 564 2253 632 &
2303 556 2532 655 saepius
2572 583 2673 627 re·-

414 682 714 755 petentes
735 712 759 747 ‚
803 685 950 731 tum
1004 661 1296 731 arenulae
1330 661 1662 757 plurimae.
1693 667 1763 734 δε
1794 659 2215 756 quandoque
2248 658 2458 727 etiam
2508 679 2675 753 pus,

415 778 491 825 ut
527 781 763 853 praeter
807 758 1025 830 serum
1054 757 1163 830 seu
1201 758 1495 830 fusuram
1522 759 1691 828 nihil
1734 783 2208 830 contentorum
2249 753 2443 850 quod
2493 778 2678 824 oeco-

413 856 725 926 nomiam
769 855 994 930 venosi
1055 854 1513 929 aut-arteriofi
1574 861 1838 955 generis
1888 854 2207 941 insinuet,
2248 851 2442 953 possit
2499 850 2678 922 elabi

416 955 494 1023 δι
526 948 813 1026 effluere.
850 955 1164 1052 Denique
1211 958 1282 1026 in
1301 959 1530 1027 calore
1563 983 1696 1028 non
1721 981 1863 1028 tam
1924 956 2337 1027 mordacitas
2368 975 2485 1022 aut
2510 951 2681 1021 acri-

415 1052 654 1122 monia
680 1051 959 1152 infignis
1005 1058 1218 1151 quarn
1269 1057 1520 1126 acuties
1547 1061 1618 1127 δε
1648 1056 2078 1127 vehementia
2102 1051 2424 1150 quaedam
2453 1047 2677 1120 obser-
2736 1047 2750 1065 ⁸

410 1156 614 1220 vatur
644 1204 669 1238 ,
715 1177 868 1248 quae
906 1153 1000 1225 ad
1047 1153 1303 1225 sensum
1351 1154 1578 1250 frangi
1608 1156 1646 1223 =a
1673 1156 1868 1225 mora
1918 1153 2355 1245 hebetarique
2385 1147 2673 1220 videtur.
2710 1145 3039 1264 delfs‘effi‘fflss:

405 1248 631 1343 Itaque
654 1251 1034 1341 incerfionis
1070 1257 1357 1322 clariora
1399 1258 1594 1348 quam
1634 1256 1998 1345 putredinis
2018 1254 2183 1342 sunt
2226 1248 2474 1318 indicia
2497 1298 2518 1332 ,
2559 1246 2684 1334 nist
2713 1264 2778 1317 do,
2818 1263 3038 1321 appetuni

404 1350 847 1419 ebullitionem
870 1347 1010 1440 seri
1043 1356 1440 1450 putredinem
1475 1359 1799 1448 appellare
1830 1360 2060 1446 placet.
2712 1321 2891 1367 debut.

511 1446 801 1519 Certum
846 1451 1027 1522 enim
1082 1449 1176 1521 est
1231 1453 1301 1521 in
1340 1452 1459 1521 illa
1504 1451 1850 1547 languinis
1900 1446 2199 1521 arteriofi
2231 1444 2670 1532 ebullitione,

407 1569 574 1638 quae
612 1545 853 1618 febrim
895 1548 1056 1620 facit
1084 1550 1426 1630 ,fetosam
1447 1574 1712 1649 partem
1739 1548 2054 1648 sanguini
2080 1545 2360 1620 affusam
2388 1547 2684 1616 maxime

405 1641 833 1723 fervescere;
881 1650 1005 1745 qui
1061 1650 1132 1719 in
1180 1650 1321 1721 sero
1378 1649 1598 1722 fervor
1655 1649 1950 1747 putredo
2005 1647 2147 1718 dici
2213 1643 2429 1746 potest
2460 1698 2482 1732 ,
2525 1646 2685 1715 cum

405 1742 781 1840 praesertim
821 1747 1023 1820 foetor
1070 1749 1139 1818 in
1169 1747 1661 1837 dejestionibus
1714 1745 1981 1840 aquosis
2013 1745 2087 1817 fit
2144 1745 2438 1816 maxime
2468 1745 2688 1814 mani-
2736 1835 2737 1838 Ἴ

406 1839 623 1913 festus
651 1898 675 1931 ‚
710 1869 917 1942 atque
942 1873 1164 1943 aquea
1206 1873 1493 1946 corpora
1544 1844 1825 1919 ustionis
1870 1873 2007 1918 non
2046 1869 2190 1915 tam
2229 1841 2352 1914 sint
2406 1845 2687 1941 capacia

408 1943 632 2036 quam
679 1945 1056 2041 putredinis
1098 2000 1120 2031 ‚
1172 1945 1219 2017 fi
1269 1946 1552 2041 quando
1609 1942 1949 2017 ebulliunt
1993 1952 2064 2018 δε
2118 1944 2393 2015 fervent.
2448 1940 2686 2012 Serum

406 2063 652 2112 autem
714 2045 1049 2142 praecipu'e
1085 2043 1443 2116 fervescere
1469 2071 1549 2117 ex
1594 2046 1923 2141 analogia
1952 2043 2297 2139 sanguinis
2337 2065 2497 2110 cum
2548 2039 2687 2110 suc-

404 2140 505 2210 cis
562 2141 880 2214 vitalibus
913 2151 984 2216 &
1020 2140 1366 2215 alibilibus
1417 2143 1625 2239 quale
1672 2142 1767 2213 est
1798 2146 2032 2214 vinum
2097 2140 2478 2235 intelligere
2523 2136 2616 2232 est
2664 2190 2688 2224 ‚

321 2320 331 2340 ⁸
412 2263 588 2308 narn
624 2263 699 2309 ut
741 2243 808 2310 in
844 2242 1006 2312 vino
1048 2241 1305 2337 aquosa
1350 2266 1503 2338 pars
1546 2240 1843 2311 maxime
1885 2243 2062 2311 circa
2093 2237 2382 2335 infignes
2423 2237 2493 2306 in
2534 2240 2691 2306 a‘e'r'e

407 2340 831 2410 mutationes
863 2338 1025 2411 solet
1060 2339 1343 2412 ebullire
1367 2393 1390 2427 ,
1443 2342 1540 2411 ita
1566 2341 1775 2410 etiam
1809 2344 1973 2412 &in
1998 2337 2325 2436 sanguine
2352 2359 2503 2434 pars
2545 2338 2691 2422 ejus
2778 2391 2783 2400 .

405 2434 636 2534 setosa
673 2437 1003 2510 fervorem
1047 2441 1348 2539 concipit
1375 2492 1399 2528 ‚
1440 2436 1483 2508 fi
1512 2438 1801 2534 quando
1864 2437 2164 2509 calorem
2226 2435 2361 2534 ipse
2409 2432 2685 2530 sanguis

406 2537 718 2608 alienum
773 2538 1044 2636 patitur.
1130 2545 1349 2636 Itaque
1393 2541 1864 2610 concludamus
1904 2568 1930 2606 .·
1971 2539 2217 2628 febrem
2270 2537 2380 2605 cui
2433 2537 2686 2604 dolores

381 2640 867 2729 superveniunt
897 2638 1222 2709 arthritici
1272 2639 1494 2710 haerere
1543 2640 1615 2707 in
1669 2661 1803 2707 toto
1830 2637 2166 2732 sanguine
2225 2637 2557 2706 ebulliente
2609 2629 2686 2703 (5·

407 2741 827 2831 inflammato
854 2787 881 2815 ,
907 2762 1004 2808 tta
1029 2761 1102 2808 ut
1121 2736 1320 2826 mafflz
1345 2741 1596 2833 quidem
1620 2739 1759 2829 ipsa
1785 2760 2064 2829 quatuor
2089 2742 2434 2824 complexa
2463 2734 2688 2801 bumo-

406 2862 520 2904 res
569 2837 944 2905 incendatur
992 2859 1339 2929 utaturque
1367 2887 1390 2920 ‚
1457 2838 1687 2928 quippi
1728 2855 1903 2900 terrae
1950 2832 2023 2900 ό·
2079 2855 2260 2923 aquoe
2308 2832 2626 2919 particeps
2661 2877 2683 2911 ,

386 2931 524 3025 fid
562 2931 779 3016 ferum
815 2936 869 3000 ei
902 2933 1180 3028 affufitm
1225 2934 1618 3023 putredinem
1656 2932 1996 3022 concipiat·
2024 2930 2243 3021 potius
2284 2929 2355 2993 in
2394 2933 2467 2995 ea
2512 2930 2689 2993 ebul-

406 3033 648 3102 litione
665 3031 907 3121 saltem
924 3032 1245 3123 servorem
1281 3080 1304 3117 ,
1338 3056 1470 3100 non
1519 3031 1915 3126 adustionem
1946 3033 2139 3121 ,cnjus
2183 3027 2412 3123 quippe*
2462 3047 2688 3119 capax

410 3158 558 3202 non
596 3133 692 3220 est.
819 3218 823 3223 ἢ

523 3230 734 3303 Unde
771 3228 816 3301 fi
866 3232 1021 3327 quis
1047 3226 1441 3320 hujusmodi
1474 3225 1729 3302 febrem
1760 3224 1854 3299 ad
1897 3226 2328 3326 ephemeram
2383 3224 2684 3326 plurium
2781 3225 2875 3274 Π·
2900 3225 3053 3278 F‘bfl·

471 3334 486 3346 .
2015 3328 2027 3341 ,
2304 3330 2314 3341 ,
2721 3286 3055 3346 ιηκῐοηίροΐ.

404 3330 694 3403 dierum
732 3356 867 3400 non
896 3331 1111 3403 solum
1150 3353 1446 3425 quatuor
1471 3381 1493 3415 ,
1532 3328 1644 3400 fed
1684 3325 2157 3423 quadraginta
2186 3329 2349 3397 velit
2399 3324 2680 3412 referre,
2722 3342 2779 3390 a:
2815 3344 2872 3387 aa
2907 3344 3052 3402 spu-2.

412 3452 567 3498 non
612 3427 1010 3525 repugnabo
1036 3484 1057 3516 ,
1093 3454 1252 3499 narn
1297 3429 1455 3498 cum
1489 3426 1597 3498 san
1655 3431 1760 3499 uis
1808 3424 2110 3497 incensus
2147 3425 2360 3497 fomes
2389 3421 2462 3494 fit
2494 3425 2639 3509 ejus
2661 3476 2683 3510 ,
2721 3403 3054 3515 22:22³„321

405 3526 770 3597 continens
819 3552 1047 3599 autem
1102 3525 1301 3598 febris
1346 3551 1500 3622 quae
1549 3452 1649 3598 aa}
1693 3554 1729 3599 e
1782 3524 2124 3598 hemeram
2163 3526 2476 3593 omnium
2522 3545 2688 3591 con·
2723 3516 2939 3580 &fimi
3030 3538 3035 3543 ·

409 3624 618 3696 sensu
680 3623 1027 3697 reducitur
1066 3629 1134 3696 in
1183 3625 1508 3725 sanguine
1565 3626 1677 3698 seu
1718 3552 2019 3714 {isbjecio
2085 3623 2329 3706 haereat
2359 3673 2383 3708 ‚
2431 3617 2689 3691 febrem

405 3724 583 3795 sane
622 3721 799 3795 hanc
841 3725 1277 3824 ephemeram
1322 3726 1551 3799 dicere
1588 3725 1759 3801 nibil
1787 3749 2007 3809 vetat,
2056 3721 2170 3793 sed
2211 3723 2369 3791 cum
2395 3743 2693 3814 quatuor

407 3821 669 3895 diebus
695 3826 956 3896 tantum
980 3851 1418 3924 nequaquam
1446 3825 1721 3899 finiatur
1749 3876 1773 3913 ‚
1800 3825 2038 3898 verum
2067 3873 2089 3907 ,
2122 3819 2591 3916 quadraginta
2617 3844 2693 3893 ut

410 3921 689 3993 notavit
728 3929 926 4018 Hipp.
970 3931 1039 3999 δε
1101 3923 1513 4023 quotidiana
1581 3923 1943 3994 confirmat
1999 3920 2451 4017 experientia,
2515 3920 2693 3990 certe

410 4019 522 4091 ad
564 4020 997 4190 ffhemeram
1047 4049 1344 4119 quatuor
1385 4021 1655 4093 dierum
1701 4019 1986 4092 minime
2040 4018 2270 4089 referri
2310 4014 2527 4117 porest
2581 4017 2696 4090 sed

403 4142 569 4217 qua
628 4122 1036 4216 raginta,ut
1071 4145 1211 4193 non
1251 4117 1325 4194 sir
1368 4143 1505 4193 una
1535 4125 1610 4196 &
1657 4116 1933 4221 fimplex
1969 4119 2321 4192 continens
2351 4116 2461 4191 sed
2489 4118 2700 4192 veluti
2764 4186 2777 4189 -

2078 4215 2303 4295 Ddd
