3593 5087
845 339 920 416 ‘A
1016 331 2299 417 Pnotuvxsstnnosa.
2522 333 2674 442 283

492 470 797 550 'Interim
829 501 1059 550 tamen
1088 474 1273 548 ultro
1299 475 1515 548 fateor
1560 473 2079 563 dolores'hujus
2113 471 2377 570 generis
2399 498 2536 545 non
2566 472 2671 545 so,

406 572 562 647 {itm
608 579 1147 651 contrafflonem
1179 576 1560 647 communis
1590 574 1803 672 partis
1832 573 1941 645 seu
1964 574 2224 645 vinculi
2264 571 2678 648 membranae

420 673 677 746 scilicet
706 729 729 763 ,
773 703 856 748 ac
887 679 1076 750 nervi
1106 674 1416 774 praedioli
1445 674 1630 769 sequi
1665 667 1852 773 poffe
1876 725 1899 759 ,
1942 671 2056 744 sed
2107 673 2375 768 aliquas
2404 673 2474 741 in
2510 701 2675 747 ven-

416 797 520 845 tre
561 770 692 846 esse
720 800 941 874 partes
977 830 1000 864 ,
1043 800 1197 873 quae
1246 801 1399 846 eam
1455 773 1998 846 contrafflonem
2043 770 2415 846 vrolentam
2456 771 2678 847 subire

416 868 691 971 possunt
723 926 748 962 ,
809 901 964 971 quae
1009 875 1233 947 trahat
1272 875 1346 945 in
1374 875 1472 946 sui
1510 872 1912 945 consensum
1959 872 2252 968 reliquas
2283 897 2429 945 toto
2457 871 2676 945 abdo-

417 972 606 1043 mine
652 998 998 1047 contentas
1066 999 1305 1076 partes.
1371 974 1731 1046 Nimirum
1794 972 2205 1071 experientia
2270 998 2384 1044 me
2433 972 2675 1049 docuit
2714 1012 2758 1059 ς.
2799 999 3032 1051 meceres.

406 1072 707 1142 Ureteres
728 1126 752 1161 ,
781 1100 1038 1147 meatus
1064 1075 1324 1173 quippe
1356 1072 1680 1172 angustas
1709 1071 1999 1169 quidem
2022 1125 2044 1158 ,
2089 1071 2207 1143 sed
2238 1072 2470 1144 tunica
2519 1074 2682 1148 forti

418 1167 811 1243 admodum
859 1172 1294 1260 constantes,
1336 1174 1603 1269 quoties
1647 1172 1720 1243 in
1749 1169 2076 1243 enitendo
2109 1170 2681 1271 excludendoque

406 1268 625 1367 lapilo
682 1271 891 1344 valde
932 1273 1247 1346 laborant
1282 1325 1307 1361 ,
1385 1270 1786 1369 contgahere
1853 1269 1918 1340 se
1972 1269 2209 1368 sponte
2260 1296 2518 1344 naturae
2575 1277 2676 1349 ita

417 1369 858 1443 vehementer
882 1425 906 1460 ,
976 1397 1052 1444 ut
1095 1370 1485 1444 universum
1522 1395 1860 1468 quantum
1904 1393 2245 1467 quantum
2293 1369 2390 1443 est
2434 1375 2680 1472 perito·

416 1490 626 1539 neum
664 1472 1053 1567 ceterasque
1096 1471 1161 1542 ei
1213 1472 1570 1570 colligatas
1614 1495 1837 1569 partes
1870 1469 2207 1543 divellant
2239 1472 2680 1548 contrahant·

408 1591 552 1663 que
594 1592 735 1640 non
776 1567 909 1642 fine
958 1573 1175 1643 atroci
1224 1570 1514 1648 dolores
1576 1574 1770 1660 cujus
1821 1571 2132 1644 violentae
2197 1572 2679 1647 centraffionis

416 1666 896 1764 consequentis
935 1667 1390 1744 divulsionem
1443 1693 1788 1742 ureterurn
1838 1672 1996 1742 cum
2060 1669 2264 1742 dolor
2304 1673 2511 1744 totius
2566 1671 2681 1747 ab·

400 1762 719 1839 dominis
747 1767 822 1840 fit
846 1769 1126 1844 evidens
1170 1793 1658 1869 argumentum
1681 1824 1705 1857 ,
1777 1793 1926 1840 tum
1959 1765 2122 1868 vero
2151 1795 2305 1841 eam
2338 1773 2679 1847 retraCtio·

414 1889 575 1938 nem
625 1868 1100 1942 vehementem
1138 1875 1210 1944 ὅ(
1238 1871 1612 1943 violentam
1661 1868 1967 1940 declarat
1996 1868 2347 1940 manifeste
2393 1870 2681 1947 testiculi

414 1965 886 2065 respondentis
920 1971 1165 2042 ureteri
1195 1967 1513 2041 retrafflo
1544 1992 1731 2039 tanta
1750 2021 1774 2056 ,
1817 1969 1980 2040 utin
2003 1965 2373 2040 abdomine
2398 1972 2678 2048 recondi

412 2086 599 2138 totus
629 2066 943 2140 videatur
972 2121 995 2155 ,
1044 2074 1115 2142 δε
1208 2066 1369 2167 rope
1408 2066 1778 2138 delitescat.
2541 2081 2548 2086 '

516 2164 865 2262 Hucusque
888 2195 1039 2259 ergo
1075 2095 1390 2268 effiiiximus
1414 2168 1669 2235 dolores
1682 2195 1806 2260 pro
1834 2166 2067 2236 colitis
2094 2218 2117 2252 ,
2165 2190 2282 2236 aut
2308 2167 2684 2262 nephriticis

410 2256 678 2335 habitos
701 2265 1170 2354 convulsionem
1193 2268 1396 2362 veluti
1422 2267 1751 2361 quandam
1752 2266 1954 2361 sequi
1986 2267 2424 2358 intestinorum
2453 2318 2479 2348 ,
2526 2300 2685 2365 par-

409 2361 704 2460 tiumque
743 2368 1035 2437 omnium
1056 2420 1081 2453 ,
1133 2393 1298 2463 quas
1333 2364 1606 2455 inferior
1635 2391 1852 2436 venter
1891 2368 2135 2435 ambitu
2160 2363 2296 2455 suo
2330 2367 2683 2464 complecli-

398 2479 520 2532 tur
548 2515 570 2549 ,
631 2467 1037 2562 inaequaliter
1054 2463 1315 2559 sudam
1364 2462 1439 2537 ό·
1480 2464 1815 2555 confertim
1838 2516 1860 2550 ,
1892 2465 2016 2556 sed
2060 2489 2200 2562 quoe
2212 2468 2538 2565 sequatur
2583 2474 2682 2543 di·

406 2563 761 2652 vallionem
775 2571 898 2655 stu
941 2566 1429 2638 contradionem
1443 2568 1748 2659 peritonei
1773 2620 1795 2654 ‚
1822 2564 1971 2653 sive
2010 2592 2347 2639 nervorum
2364 2570 2541 2655 saxei
2564 2602 2679 2668 pa·

406 2666 511 2733 ris
534 2716 557 2748 ,
602 2674 705 2736 vel
734 2674 805 2733 in
830 2692 1063 2737 exortu
1085 2670 1397 2760 proximo
1440 2674 1957 2760 conterminoque
1988 2667 2075 2735 iis
2100 2673 2401 2759 partibus
2422 2716 2443 2754 ,
2476 2680 2586 2743 vet
2606 2677 2681 2742 in
2711 2726 2714 2729 .

408 2765 696 2831 mediato
746 2761 820 2834 ό·
862 2788 1096 2834 remoto
1125 2818 1148 2852 ,
1190 2769 1264 2834 in
1293 2768 1621 2858 principio
1632 2764 1893 2859 scilicet
1913 2762 2061 2851 five
2108 2766 2315 2857 capite
2356 2768 2554 2861 ipso,
2605 2766 2683 2839 (5-

406 2863 803 2958 quandoque
831 2868 1021 2933 etiam
1045 2862 1237 2960 sequi
1282 2887 1597 2933 ureterum
1616 2863 2058 2957 spontaneam
2109 2863 2604 2934 contradionem
2637 2867 2684 2937 ιὶ

384 2960 670 3052 fiemmo
710 2985 950 3034 conatu
986 2965 1467 3033 immoderatam
1516 2958 1590 3031 ό·
1624 2966 1822 3058 prope'
1865 2966 2217 3037 violentam
2253 3015 2275 3048 ,
2333 2987 2406 3034 ut
2430 2968 2684 3037 dolores

411 3064 540 3156 qui
586 3064 900 3132 dicuntur
949 3063 1292 3157 nephritici
1340 3065 1589 3157 partim
1622 3064 1814 3155 fiant
1859 3061 2163 3147 cenwlfi>
2195 3064 2526 3160 principio
2534 3066 2685 3155 five

388 3160 790 3250 mrvcfi‘five
810 3162 1500 3256 membranofigenerir
1520 3214 1540 3245 ‚
1575 3165 1821 3255 partim
1822 3154 2187 3256 sequantur
2211 3171 2680 3256 particularem

416 3283 743 3331 ureterum
790 3264 1284 3333 contrat-‘tionem
1321 3265 1674 3331 violentam
1708 3260 2054 3331 trahentem
2083 3266 2152 3335 in
2167 3265 2290 3353 sui
2314 3263 2682 3356 confinfitm

411 3361 726 3428 adnexas
726 3360 861 3448 sibi
879 3387 1099 3455 partes
1128 3393 1144 3432 ι
1194 3358 1473 3453 etstsane'
1499 3414 1521 3447 ,
1558 3366 1808 3460 quoties
1828 3362 2044 3454 priore
2078 3364 2267 3435 modo
2307 3365 2629 3456 contingit
2655 3416 2680 3450 ,

404 3483 555 3529 non
574 3456 822 3555 semper
835 3461 908 3552 se
939 3464 1158 3555 prodit
1198 3461 1510 3557 nephritis
1534 3510 1560 3542 ,
1606 3466 1765 3559 quia
1778 3461 2034 3554 scilic&
2069 3486 2202 3530 non
2216 3460 2468 3553 semper
2499 3467 2680 3531 labo·

408 3581 574 3630 rant
633 3582 812 3627 renes·
819 3561 1109 3652 saburra
1161 3563 1426 3654 arenosa
1481 3590 1620 3660 quae
1657 3585 1988 3637 moveatur
2020 3560 2233 3650 fimul
2277 3562 2320 3629 a'
2353 3562 2681 3632 communi

405 3654 624 3748 causa
653 3705 681 3738 ,
737 3684 812 3730 ut
840 3686 1003 3730 mox
1026 3664 1485 3757 explicabitur.

518 3758 684 3855 Age
723 3750 956 3833 autem
996 3764 1154 3839 cum
1201 3790 1282 3836 ex
1315 3762 1769 3839 continuitate
1793 3758 2054 3833 doloris
2073 3774 2488 3839 veram-eum
2509 3784 2675 3830 con—
2709 3754 3034 3863 3222553222

378 3856 796 3933 :vulfionem
843 3861 1032 3959 sequi
1074 3888 1365 3961 arguere
1416 3860 1495 3933 fit
1518 3914 1542 3947 ,
1596 3885 1738 3931 non
1772 3870 2005 3932 autem
2044 3858 2680 3941 motumfflconvulfi-
2714 3873 2936 3921 bbomt·

408 3981 586 4030 vum
625 3960 747 4052 qui
783 3986 863 4031 ex
893 3963 1383 4035 momentaneis
1419 3958 1794 4030 intervallis
1857 3956 2305 4059 interpolatur
2362 3984 2484 4031 nec
2523 3986 2680 4033 con·

406 4057 816 4130 ‹inuitatem
841 4058 1044 4134 habet
1067 4112 1094 4153 ,
1136 4081 1346 4158 atque
1380 4053 1830 4135 convulsxonis
1856 4082 2030 4136 verae
2055 4052 2211 4129 duae
2242 4053 2365 4134 fint
2394 4056 2680 4136 omnino

2001 4155 2251 4239 Nna
