3593 5087
881 412 954 490 ‘A
1083 405 2245 513 DILuvnssERosA.
2511 433 2658 512 429

412 534 623 631 Quod
678 538 726 614 fi
780 568 861 615 eo
902 541 1250 615 frustretur
1283 595 1306 628 ,
1363 565 1480 612 aut
1539 535 1716 610 hisce
1767 536 1992 609 modis
2054 562 2211 609 eum
2288 563 2658 637 provocare
2728 565 3021 625 Hyponuffi.

408 642 762 732 taediosum
801 643 906 713 illi
932 641 1026 714 est
1053 695 1100 728 ,.
1130 639 1382 712 suadeo
1418 639 1595 710 certe
1630 662 1703 709 ut
1734 638 1932 707 semel
1968 638 2037 706 in
2072 635 2510 708 hebdomada
2536 640 2659 736 lzy..

399 744 778 834 pot-austum
829 744 1095 830 jejunus
1141 738 1346 810 adeat
1387 736 1616 833 ibiqu‘e
1647 762 1763 836 pet
1789 735 2108 806 horulam
2153 734 2344 825 sudet
2381 790 2403 823 ,
2461 739 2657 833 quod

401 842 701 936 primum
734 839 1018 911 tentabit
1067 836 1182 910 ubi
1218 839 1540 937 plethorae
1568 835 1873 933 corporis
1902 860 2086 908 venae
2132 834 2419 906 senione
2470 839 2656 933 prius

399 938 783 1035 providerit
837 961 909 1010 ut
980 960 1238 1011 avertat
1286 960 1604 1006 cutaneos
1656 932 1936 1006 affeffi'tus
1966 986 1990 1021 ‚
2063 934 2185 1030 qui
2245 933 2329 1005 ab
2383 936 2653 1007 insolito

399 1034 801 1136 hypocausti
828 1035 950 1108 usu
980 1036 1212 1135 sponte
1238 1059 1555 1106 emanare
1585 1033 1821 1105 solent.
2559 1053 2567 1062 ·

495 1135 718 1231 Atqui
753 1134 799 1206 si
854 1136 956 1205 his
1006 1133 1261 1205 artibus
1307 1131 1511 1203 sudor
1543 1155 1898 1230 erumpens
1936 1132 2158 1201 minus
2205 1131 2654 1205 emendandae

390 1236 716 1308 colluviei
749 1234 871 1306 seri
899 1235 972 1302 in
999 1232 1302 1331 corporis
1325 1229 1559 1302 habitu
1590 1230 1964 1328 stagnantis
1989 1228 2362 1300 satisfacere
2384 1231 2600 1329 potest
2624 1286 2649 1319 ,

389 1334 574 1405 certe
606 1333 853 1404 author
880 1319 1026 1401 siim
1060 1354 1137 1401 ut
1161 1332 1433 1402 ineunte
1459 1355 1613 1402 vere
1642 1336 1714 1402 &
1750 1347 2082 1399 autumno
2112 1379 2136 1414 ‚
2188 1329 2434 1423 quibus
2486 1333 2650 1401 anni

391 1428 823 1531 temporibus
864 1426 1191 1522 fluxiones
1218 1454 1516 1530 repetere
1550 1427 1760 1500 solent
1790 1481 1815 1514 ‚
1863 1451 2093 1498 utatur
2118 1424 2651 1518 decoft'ofizdori-
2748 1485 2753 1490 .

365 1530 524 1622 fico
573 1530 719 1620 sive
768 1531 1256 1627 {arque-patilla
1291 1581 1314 1614 ,
1349 1528 1495 1614 five
1552 1528 1800 1598 radicis
1827 1526 2137 1612 finarum
2172 1575 2199 1605 ,
2258 1526 2475 1622 idque
2531 1521 2677 1627 perf
2744 1560 2784 1605 a
2820 1561 3015 1624 densque

385 1654 606 1700 unam
631 1683 654 1716 ,
699 1647 818 1700 aut
863 1628 1153 1698 alteram
1184 1626 1669 1727 septimanam,
1705 1626 1816 1722 vel
1847 1624 2029 1696 certe
2075 1631 2326 1722 Syrupo
2361 1629 2641 1698 Ambro-
2683 1614 2851 1723 333&
2886 1624 3016 1672 “²⁸1⁰-

357 1727 566 1819 siano
602 1783 625 1816 ‚
662 1725 707 1798 si
727 1749 943 1798 metus
969 1722 1046 1797 fit
1077 1727 1117 1795 “a
1143 1726 1467 1801 viscerum
1491 1733 1562 1799 δι
1592 1726 1939 1823 sanguinis
1969 1723 2150 1796 aestu.
2342 1800 2351 1804 ,
2418 1725 2423 1730 ’

391 1869 398 1876 ·
491 1826 715 1899 Porro
745 1827 1031 1897 cauteria
1059 1878 1082 1911 ,
1126 1849 1281 1920 quae
1326 1823 1712 1896 sensibiliter
1742 1822 1859 1894 sed
1890 1821 2121 1895 sensim
2168 1821 2459 1920 serosum
2485 1852 2645 1902 eva·
2706 1835 3012 1918 &Caneri-q

325 1939 338 1946 ¹
380 1950 597 1996 cuant
627 1925 982 1997 humorem
1020 1922 1136 1996 etfi
1165 1928 1205 1995 *a
1231 1950 1341 1995 me
1379 1950 1517 1998 non
1550 1920 2022 2023 improbantur
2044 1976 2066 2009 ,
2101 1948 2385 2020 parvam
2414 1952 2664 2004 tamen,

377 2021 472 2094 ab
503 2026 590 2094 iis
623 2026 990 2096 utilitatem
1038 2026 1290 2122 percipi
1318 2022 1578 2094 constat
1604 2046 1739 2122 prae
1766 2022 2220 2120 purgantibus
2240 2075 2263 2108 ,
2293 2048 2411 2095 aut
2439 2025 2641 2098 sudo·
2682 2021 3011 2135 blif¹j⁰st⁸²ffi

376 2122 593 2193 rificis
611 2123 769 2209 ,'vel
805 2125 1108 2196 etiamiis
1124 2174 1148 2209 ‚
1176 2147 1312 2218 quae
1341 2121 1778 2211 insenstbiliter
1795 2143 2121 2192 conterunt
2151 2117 2643 2217 &dffpantfi-
2715 2100 2814 2133 ’Μ
2840 2109 2854 2126 ”

371 2219 615 2309 rosam⁴
620 2223 1084 2316 plenitudinem
1109 2275 1132 2307 ,
1185 2218 1277 2291 ad
1309 2244 1460 2315 quae
1491 2219 1653 2291 ideo
1680 2219 2150 2317 tempestivum
2176 2220 2270 2291 est
2295 2222 2637 2296 accedere.

371 2316 464 2392 In
495 2320 748 2390 horum
774 2341 1002 2389 autem
1024 2319 1224 2390 censu
1260 2342 1498 2415 praeter
1538 2342 1936 2417 tegumenta
1964 2372 1985 2405 ,
2008 2318 2470 2417 stragulaque
2496 2347 2639 2395 cor·

370 2443 510 2517 pus
549 2415 638 2487 ab
670 2415 1028 2488 ambientis
1064 2419 1329 2506 injuriis
1392 2419 1771 2489 munientia
1800 2471 1824 2504 ‚
1870 2420 2122 2516 primas
2173 2416 2638 2495 teneredebet

369 2519 765 2587 exercitatio
792 2518 1078 2611 corporis
1104 2518 1427 2588 moderata
1454 2521 1579 2588 illa
1598 2519 1848 2613 quidem
1862 2515 1988 2609 fid
2019 2541 2229 2589 tamen
2249 2522 2634 2614 quotidiana
2690 2580 2694 2589 „
2766 2541 3005 2611 prefer-2512:

368 2615 448 2687 ό·
482 2618 799 2709 diuturna
833 2667 855 2701 ‚
907 2642 1124 2711 eaque
1168 2618 1262 2703 ita
1295 2616 1631 2713 producta
1654 2670 1677 2703 ,
1711 2640 1784 2687 ut
1808 2641 2052 2717 corpus
2081 2619 2478 2692 incalescens
2504 2623 2631 2693 ali-
2668 2604 3009 2704 552¹„fss‘¹{¹{:.'

364 2741 519 2812 quo
561 2716 844 2786 tandem
885 2714 1170 2787 madore
1219 2711 1489 2787 diffluat
1529 2714 1659 2788 five
1684 2716 1881 2786 cur'su
1917 2768 1937 2797 ‚
1991 2713 2120 2789 sive
2166 2718 2349 2790 lucta
2377 2772 2401 2805 ,
2442 2725 2629 2815 equi·
2665 2720 2783 2776 ⁹⁰¹³’
2841 2704 3002 2762 Μ’·

2669 2789 2833 2820 ΙὌΞΒΙΠ.

365 2815 685 2898 tatione,
741 2810 872 2882 five
901 2814 1071 2883 ludo
1099 2816 1252 2910 pilae
1290 2864 1310 2895 ,
1363 2812 1494 2883 five
1537 2814 1732 2881 aliter
1777 2812 2207 2907 perficiatur,
2246 2821 2316 2888 &
2348 2819 2632 2911 tempes-
2733 2854 2738 2860 ·

363 2910 516 2982 εἰνὲ
539 2962 563 2995 ,
606 2912 736 2979 hoc
780 2908 874 2980 est
905 2960 927 2995 ,
982 2934 1138 2979 ante
1164 2908 1393 2978 cibum
1418 2909 1670 3004 semper
1691 2960 1713 2993 ‚
1770 2914 1837 2980 ὅ(
1868 2908 2022 2978 loco
2052 2905 2138 2978 ab
2177 2911 2243 2980 in
2252 2912 2431 2997 juria
2458 2916 2632 2985 a'e‘ris
2725 2939 2731 2950 ·

361 3007 596 3079 libero
627 3008 911 3099 ineatur.
954 3004 1301 3103 Equidem
1328 3008 1500 3076 tanti
1526 3005 1781 3077 aestimo
1819 3005 1996 3077 hanc
2026 3032 2143 3106 per
2167 3008 2495 3107 spiracula
2520 3038 2630 3084 cu·

361 3109 457 3179 tis
474 3104 610 3177 sive
629 3103 999 3178 sensibilem
1019 3159 1040 3193 ,
1068 3102 1196 3176 sive
1213 3108 1416 3177 etiam
1435 3102 1884 3177 insensibilem
1905 3105 2023 3176 seri
2044 3112 2647 3207 expurgationem,

360 3228 445 3278 ut
470 3204 756 3278 credam
771 3206 845 3275 in
862 3206 942 3276 ea
969 3205 1112 3275 stila
1142 3204 1613 3303 praecautionis
1635 3205 1946 3275 omnium
1976 3202 2355 3291 fluxionum
2369 3212 2641 3284 arthri-
2737 3287 2745 3291 ,

357 3307 668 3376 ticarum
723 3327 1151 3376 momentum
1199 3329 1405 3375 omne
1450 3299 1577 3373 effe
1633 3300 1924 3402 positum
1950 3356 1974 3389 ,
2037 3307 2192 3377 cum
2246 3313 2316 3381 &
2362 3309 2639 3382 felicem.

357 3408 523 3491 ejus
562 3399 921 3473 succeffum
954 3406 1025 3474 in
1053 3427 1188 3473 non
1220 3403 1450 3501 paucis
1480 3398 1905 3497 &speciatim
1940 3405 2010 3471 in
2036 3406 2263 3478 Rever.
2296 3407 2633 3497 Patreso-
2711 3486 2715 3490 .

355 3504 511 3573 ciet.
543 3500 686 3593 Infit
718 3501 1035 3574 hactenus
1056 3497 1560 3599 comprobarim
1590 3555 1613 3588 ‚
1675 3507 1746 3573 δε
1773 3504 2240 3600 experimentis
2272 3506 2448 3575 ratio
2477 3533 2625 3577 ma-

353 3598 557 3673 xime
602 3599 826 3671 faveat
851 3651 866 3681 ,
901 3596 1235 3696 liquidem
1268 3599 1602 3688 ejusmodi
1637 3599 1761 3671 seri
1806 3604 2164 3675 evacuatio
2215 3602 2622 3677 evidentiffi-

351 3725 559 3770 mam
592 3698 661 3767 in
691 3725 771 3770 eo
796 3697 881 3769 ab
922 3699 1223 3770 articulis
1271 3699 1656 3770 revellendo
1682 3701 1827 3773 vim
1860 3699 2080 3772 habet.
2511 3697 2525 3767 ζ

458 3795 635 3886 Quo
667 3796 820 3868 sane
850 3822 984 3867 non
1012 3796 1105 3868 est
1131 3792 1384 3869 necesse
1425 3799 1765 3891 inquirere
1799 3800 1871 3868 in
1909 3800 2043 3868 alia
2083 3796 2471 3873 revulfionis
2514 3832 2619 3879 re-
2657 3810 2994 3917 nJJlififfffl'

349 3897 601 3969 media
651 3893 772 3971 nisi
799 3895 970 3968 forte
993 3898 1065 3966 in
1092 3896 1388 3967 cauteria
1420 3947 1441 3980 ‚
1494 3896 1583 3967 de
1610 3895 1859 3991 quibus
1886 3896 2099 3969 modo
2131 3898 2393 3972 dietum
2417 3955 2441 3988 ‚
2466 3929 2619 4001 quae
2656 3929 2850 3995 reme-‹1³-
2867 3944 2991 3973 ω..

349 3997 496 4069 hoc
556 3995 833 4067 nomine
874 3994 1108 4093 passim
1141 4002 1213 4068 δε
1248 4019 1386 4065 non
1433 3995 1684 4066 temere
1721 3998 1962 4093 magni
1995 3996 2166 4069 fiunt
2198 4002 2461 4071 admota
2486 4006 2623 4094 sci„
2656 3985 2863 4044 pletum:
2886 4000 2902 4030 ε

349 4099 522 4186 μαι
543 4097 795 4189 umque
822 4094 1080 4169 brachio
1094 4092 1277 4187 ,sire
1303 4096 1481 4165 cruri
1492 4090 1649 4185 ,sed
1676 4099 1971 4171 maxime'
1987 4099 2621 4199 principiospinalis
