3593 5087
777 409 854 490 A
948 399 1614 489 coLLuvnz
1706 395 2211 479 senosA:
2491 399 2641 498 489

374 534 606 640 'podiis
629 540 850 612 uritur
883 593 907 627 ‚
931 536 1407 640 respondentes
1435 587 1458 621 ,
1511 529 1629 604 sed
1659 530 2094 603 intervallum
2128 528 2419 625 longum
2444 579 2466 613 ‚
2508 527 2638 599 hoc

373 638 477 711 est
510 690 530 722 ,
584 640 887 737 plurium
949 637 1217 710 dierum
1272 633 1541 706 habent.
1581 629 1827 725 Itaque
1875 626 1952 698 fit
2001 624 2337 726 producta
2387 626 2636 698 admo-

377 735 554 808 dum
594 735 792 809 febris
820 792 843 825 ,
890 741 1085 824 cujus
1141 734 1390 806 scilicet
1426 730 1925 803 constitutionis
1974 727 2298 798 terminus
2350 724 2445 797 est
2499 725 2642 797 fere

390 860 620 907 motus
639 835 840 916 solis',
896 840 999 909 uti
1026 857 1251 907 motus
1291 833 1468 903 lunae
1498 828 1627 903 five
1657 831 1920 925 integer
1944 821 2077 898 five
2101 824 2503 898 dimidiatus
2544 825 2641 897 est

379 936 706 1006 terminus
752 934 1251 1006 constitutionis
1293 932 1713 1026 reliquarum
1761 926 2056 999 febrium
2104 920 2263 994 ante
2300 948 2643 997 memora-

384 1056 609 1104 tarum
643 1036 1079 1106 annotatione
1100 1050 1126 1082 ⁸
1155 1032 1582 1125 Hippocratis
1615 1082 1638 1115 ,
1666 1034 1736 1103 &
1766 1022 2192 1122 quotidianae
2216 1024 2641 1120 experientiae

382 1128 526 1202 fide
546 1161 566 1209 ς
585 1129 698 1203 sed
724 1131 868 1206 duo
897 1133 1264 1204 minimum
1291 1126 1435 1199 dies
1469 1125 1893 1199 intercedunt
1922 1148 2041 1194 aut
2073 1124 2364 1222 amplius
2385 1125 2538 1221 puri
2569 1130 2643 1197 δε

353 1228 425 1299 ’ὲ
467 1229 654 1302 febre
695 1232 899 1303 vacui
947 1233 1123 1303 inter
1170 1225 1469 1301 recursus
1502 1223 2063 1326 paroxysmorum
2109 1245 2458 1318 quartanae
2511 1221 2642 1295 sese

373 1329 961 1423 consequentium.

482 1425 613 1498 His
673 1453 842 1526 ergo
898 1425 1123 1526 pofitis
1172 1423 1685 1511 fundamentis,
1737 1445 1893 1521 quae
1956 1421 2121 1494 alias
2158 1420 2417 1521 plenius
2480 1418 2643 1493 ube-

378 1521 652 1621 riusque
677 1526 830 1598 Deo
859 1526 1070 1599 dante
1094 1522 1609 1624 explicabuntur
1637 1575 1660 1609 ,
1697 1521 2053 1595 redeamus
2076 1521 2171 1593 ad
2214 1518 2636 1607 institutum,

379 1627 624 1722 &·pro
676 1622 1027 1698 olitionem
1081 1625 1380 1697 nostram
1434 1624 1507 1694 in
1547 1624 1885 1695 continuis
1948 1623 2250 1721 primhm
2295 1619 2636 1718 expenda-

378 1744 576 1810 muS,
625 1649 672 1794 g
707 1726 890 1824 prius
935 1723 1280 1797 coronidis
1323 1724 1479 1794 loco
1532 1719 1873 1794 addamus
1919 1746 2136 1793 unum
2175 1717 2458 1794 verbum
2484 1771 2507 1805 ,
2557 1723 2633 1789 de

358 1820 664 1912 febribus
681 1873 709 1901 ,
735 1849 872 1920 quae
883 1819 1056 1918 soepe‘
1086 1847 1203 1895 aut
1219 1823 1575 1913 fitccedunt
1602 1844 1720 1892 aut
1747 1819 2242 1911 confunduntur
2265 1817 2628 1914 cumsyno-
2685 1835 2893 1908 Pehriup
2912 1838 3007 1885 eu

378 1920 525 1991 clais
561 1918 636 1992 ό·
680 1926 861 1994 alia's
880 1922 1398 2021 frequentffmae
1415 1928 1582 2014 stant
1609 1972 1633 2007 ‚
1678 1920 2087 2016 quaescilicet
2117 1922 2380 2007 causam
2431 1926 2628 1990 comi·
2666 1895 2936 2016 2⁸:12¹}ssssssae

378 2043 626 2089 nentem
674 2021 901 2093 habene
921 2022 1214 2115 fetosum
1238 2021 1563 2092 humorem
1593 2072 1616 2106 ,
1668 2023 1782 2116 qui
1813 2028 1846 2089 ε’
1889 2025 2097 2114 capite
2143 2023 2214 2089 in
2264 2025 2634 2111 pulmonem

377 2120 742 2191 decubuerit
771 2174 793 2206 ,
849 2147 1106 2219 quaeque
1131 2121 1270 2191 ideo
1293 2117 1701 2192 catarrhales
1740 2122 1874 2190 dici
1898 2117 2170 2214 pofficnt.
2232 2118 2419 2191 Nam
2476 2119 2634 2192 cilm

377 2218 452 2289 in
479 2218 872 2317 corporibus
924 2216 1347 2320 plenitudine
1380 2216 1592 2291 setosa
1623 2217 2091 2291 laborantibus
2120 2222 2190 2291 &
2232 2218 2400 2289 alias
2439 2216 2637 2312 syno-

377 2317 514 2388 cho
565 2314 855 2390 detentis
886 2321 959 2389 in
1016 2317 1413 2392 ebullitione
1458 2314 1604 2416 ipsa
1651 2316 1996 2417 sanguinis
2038 2320 2109 2389 in
2147 2315 2314 2391 vasis
2363 2321 2637 2416 magnis

376 2414 603 2488 serum
651 2414 1076 2491 effervescens
1114 2420 1185 2489 in
1238 2441 1442 2516 caput
1485 2414 1722 2514 paffim
1777 2415 2090 2490 efferatur
2145 2415 2634 2517 despumetque

376 2513 914 2612 quodammodo
948 2571 971 2604 ,
1009 2543 1146 2591 non
1192 2516 1449 2617 semper
1501 2517 1644 2588 illic
1718 2519 2073 2590 immorari
2115 2522 2185 2592 &
2215 2516 2525 2591 cunCtari
2570 2521 2635 2593 ei

373 2616 722 2713 contingit
742 2669 766 2704 ‚
811 2615 925 2690 sed
948 2615 1170 2690 statim
1200 2617 1466 2690 excerni
1495 2616 1811 2712 reitaque
1857 2643 1975 2718 per
2012 2641 2409 2689 communes
2443 2644 2669 2690 mea-1

373 2736 486 2785 tus
532 2717 675 2802 ejus
703 2709 977 2790 effluxui
1010 2716 1046 2783 ὲ
1089 2718 1332 2788 natura
1370 2716 1636 2788 dicatos
1667 2716 1738 2784 in
1765 2741 1988 2811 partes
2016 2714 2342 2810 depluere
2371 2715 2488 2787 sub
2491 2723 2633 2805 jec-

375 2835 483 2884 tas
523 2836 601 2879 ac
641 2815 1004 2905 praefestim
1054 2815 1126 2879 in
1173 2814 1613 2906 pulmonem:
1677 2833 1885 2902 atque
1926 2809 2087 2878 clim
2144 2808 2221 2879 fit
2265 2810 2631 2886 diuturnus

383 2913 461 2983 &
498 2905 690 3002 quast
733 2908 1042 3007 perennis
1079 2906 1381 2978 ascensus
1418 2905 1541 2977 seri
1576 2907 1649 2976 in
1678 2930 1885 3004 caput
1911 2959 1937 2993 ,
1997 2912 2067 2981 δι
2102 2902 2632 2998 defluxus‘ejus-

381 3004 548 3081 dem
583 3006 655 3076 in
679 3010 1075 3106 pulmonem
1106 3059 1130 3093 ,
1166 3000 1422 3077 necess‘e
1457 3004 1553 3076 est
1574 3002 1807 3076 sensim
1836 3004 2198 3104 aggestum
2239 3008 2634 3083 collectum-

379 3130 521 3203 que
552 3102 641 3176 ob
687 3106 914 3179 cordis
946 3107 1270 3179 viciniam
1293 3105 1691 3177 incalescere
1734 3129 1815 3177 ac
1840 3106 2196 3180 lentescere
2222 3102 2637 3184 crassescere·

375 3229 518 3302 que
574 3204 938 3302 praesertim
969 3201 1015 3274 si
1043 3207 1110 3276 in
1154 3202 1437 3303 delapsu
1481 3203 1754 3276 mucosa
1785 3207 2024 3304 capitis
2057 3231 2479 3279 excrementa
2512 3209 2637 3281 de-

376 3302 641 3377 terserit
687 3301 946 3401 fibique
971 3305 1406 3376 immiscuerit
1431 3355 1455 3390 ‚
1496 3305 1731 3399 itaque
1777 3311 1944 3401 quia
2011 3331 2269 3405 magna
2308 3310 2451 3394 ejus
2480 3334 2640 3406 pars

379 3428 505 3501 per
545 3406 942 3476 tenuitatem
976 3426 1095 3475 aut
1128 3405 1456 3475 lentorem
1497 3400 1826 3500 effugiens
1867 3428 2123 3478 naturae
2145 3428 2468 3477 conatum
2484 3407 2638 3480 ruffi

378 3525 693 3576 excutere
710 3506 1017 3575 conantis
1051 3502 1253 3574 haeret
1296 3502 1367 3572 in
1405 3500 1838 3600 pulmonibus
1862 3558 1888 3592 ,
1940 3500 2193 3578 necesse
2223 3502 2318 3576 est
2352 3503 2635 3579 tandem

377 3601 754 3697 putrescere
783 3625 991 3698 atque
1043 3598 1232 3673 simul
1271 3624 1390 3673 aut
1447 3601 1817 3695 synochum
1855 3606 2129 3690 fovere,
2175 3625 2292 3674 aut
2331 3606 2635 3700 particu-

377 3700 596 3771 larem
665 3701 1077 3798 pulmonum
1130 3698 1385 3772 febrem
1425 3701 1671 3774 inferre
1721 3757 1745 3791 ,
1823 3729 1976 3801 quae
2028 3702 2291 3797 alioqui
2351 3698 2636 3799 singulis

380 3796 628 3871 diebus
667 3796 786 3869 sub
810 3798 1155 3901 vesperam
1181 3798 1540 3895 quandam
1562 3801 2145 3887 exacerbationem
2181 3813 2319 3899 prae
2357 3800 2420 3872 se
2444 3802 2571 3875 fert
2599 3855 2631 3891 ‚

378 3896 577 3993 quod
607 3922 690 3971 eo
723 3896 1031 3997 teinpore
1044 3896 1373 3997 depluvio
1390 3897 1511 3970 seri
1529 3901 1938 3976 noeturnum
1964 3902 2185 4001 frigus
2208 3897 2629 3976 occasionem

378 3995 542 4071 det;
582 4018 783 4090 atque
813 3994 948 4069 fine
972 3995 1190 4070 dubio
1223 3995 1514 4070 serosum
1542 3996 1903 4077 humorem
1919 3998 2125 4074 habet
2149 4024 2278 4101 pro
2303 3996 2623 4092 subjectO.

460 4130 499 4174 ι
522 4114 592 4177 In
615 4115 769 4198 epid.
799 4120 928 4185 Lib.
958 4128 1015 4180 6.
1037 4118 1174 4200 aph.
1201 4130 1292 4190 25.
2006 4194 2094 4294 Q

2105 4222 2156 4301 ‘l
2176 4223 2227 4301 <i
