3593 5087
973 325 1048 402 ‘A
1152 313 1739 404 ninuvrr:
1856 314 2415 400 SERosA‘.
2615 336 2761 428 '471

510 443 611 521 est
659 447 1145 522 conti-aetionis
1187 450 1256 520 in
1289 448 1479 549 pulsu
1535 449 1810 538 majoris
1853 449 1963 522 seu
2004 451 2343 525 celerioris
2375 507 2398 542 ,
2454 454 2568 528 sed
2623 458 2807 532 sola*

507 547 1118 626 febrilis-caliditas
1165 550 1526 650 temperari
1572 545 1772 620 debet
1796 604 1818 638 ‚
1871 550 2025 622 hinc
2054 555 2388 641 conjicere
2412 554 2507 625 est
2534 554 2767 630 india·

508 649 625 717 riis
670 647 979 746 spiritum
1029 651 1306 723 vitalem
1357 647 1636 720 minime
1662 649 2005 747 ignescere
2033 703 2056 738 ,
2128 650 2238 722 sed
2286 656 2510 749 potius
2550 657 2764 729 alium

509 746 876 821 humorem
935 778 1014 823 ex
1076 747 1220 849 quo
1281 773 1561 851 vapores
1632 751 1887 846 aquei,
1952 775 2096 822 non
2161 775 2393 823 autern
2439 752 2769 854 fuligines

507 869 898 921 excitentur.

615 945 831 1033 Quod
866 949 1229 1021 confirmat
1267 951 1618 1049 inspiratio
1673 976 1954 1046 quoque
2004 952 2230 1038 major
2269 1002 2292 1037 ,
2356 957 2427 1024 δε
2486 953 2767 1027 celerior

507 1045 952 1143 exspiratione
986 1051 1059 1118 in
1108 1049 1350 1119 diariis
1369 1103 1392 1136 ‚
1431 1049 1597 1150 quia
1632 1046 1883 1121 scilicet
1928 1051 2000 1119 in
2030 1049 2129 1119 his
2157 1049 2383 1149 fuligo
2408 1052 2595 1127 nulla
2620 1053 2765 1127 suc·

510 1148 745 1218 crescit
780 1147 819 1217 “a
846 1146 971 1218 seri
995 1146 1413 1220 ebullitione.

420 1241 424 1245 ’
605 1248 824 1319 Nulla
853 1273 1056 1346 porro
1094 1276 1179 1318 ex
1207 1273 1468 1319 numero
1498 1252 1938 1344 malignorum
1943 1249 2460 1348 symptomatum
2487 1257 2567 1324 ab
2599 1255 2765 1348 Hip·
2863 1285 3136 1344 „symma

494 1373 758 1442 poet-aee
784 1350 854 1418 in
869 1351 1299 1444 prognosticis
1324 1375 1983 1422 commemoratorum*
1999 1348 2253 1446 affidere
2278 1348 2350 1420 ό·
2370 1351 2767 1450 [ῐιμννεηίνε
2808 1355 2932 1446 2¹:³⁸
2978 1343 3136 1401 ΜΨ

506 1449 750 1518 diariis
772 1447 856 1534 st
889 1475 1022 1518 noa
1057 1451 1395 1543 proprium
1423 1450 1503 1537 est
1533 1500 1556 1535 ,
1608 1451 2028 1543 inseparabile
2060 1449 2493 1544 certe'fignum
2525 1455 2607 1548 est
2649 1479 2771 1526 an-

503 1547 860 1620 notatione
885 1560 915 1589 ·
946 1553 1186 1619 Galerii
1219 1576 1240 1624 3
1280 1550 1474 1644 atqui
1509 1549 1640 1619 hoc
1685 1548 1839 1621 sane
1879 1552 2130 1623 evincit
2172 1548 2427 1624 diarias
2486 1555 2768 1627 minime

502 1646 582 1715 in
624 1647 858 1744 spiritu
923 1648 1115 1720 vitali
1160 1648 1543 1746 ignescente
1601 1649 1955 1748 haerescere
1992 1703 2014 1736 ,
2084 1648 2197 1720 sed
2254 1653 2322 1721 in
2352 1652 2589 1749 aliquo
2631 1650 2777 1727 alio

503 1745 798 1818 humore
841 1749 880 1817 a
928 1749 1169 1819 natura
1217 1746 1521 1844 benigno
1551 1801 1574 1836 ,
1613 1753 1682 1822 δε
1731 1752 1924 1838 cujus
1964 1751 2131 1820 alias
2180 1749 2441 1838 ja&ura
2480 1777 2599 1825 aut
2628 1780 2778 1826 cor-
2874 1815 2895 1836 .

502 1848 775 1945 ruptela
807 1847 1090 1918 minime
1145 1852 1511 1945 permciem
1540 1872 1658 1920 aut
1693 1854 1971 1920 noxiam
2003 1846 2333 1945 insignem
2362 1849 2631 1925 adferre
2659 1879 2776 1926 na-

503 1971 678 2019 turoe
756 1944 990 2046 potest.
1055 1945 1241 2018 Nam
1301 1948 1564 2048 spiritus
1633 1945 2086 2021 inflammatio
2156 1948 2343 2019 diem
2394 1953 2779 2025 naturalem

502 2045 876 2141 adaequare
915 2044 959 2138 <
988 2043 1032 2117 s1
1062 2045 1278 2118 modo
1306 2071 1451 2120 tarn
1483 2046 1606 2118 diu
1638 2048 1843 2119 etiam
1878 2048 2221 2147 ignescens
2264 2050 2495 2146 vigere
2524 2055 2597 2125 δε
2643 2051 2777 2122 du·-

502 2170 659 2218 rare
705 2143 919 2245 potest
945 2199 968 2233 ,
1014 2144 1205 2242 quod
1246 2148 1435 2246 apud
1478 2173 1588 2220 me
1635 2150 1920 2218 omnino
1952 2146 2047 2220 est
2081 2173 2163 2218 ex
2197 2172 2444 2245 genere
2469 2143 2520 2218 -ῗ
2544 2153 2791 2220 esni<

505 2276 638 2323 τω
666 2244 714 2336 )
752 2244 940 2315 diem
971 2299 992 2333 ‚
1027 2247 1314 2343 inquam
1339 2301 1359 2334 ,
1405 2248 1786 2318 naturalem
1814 2245 2177 2344 adaequare
2197 2272 2333 2317 non
2366 2246 2583 2346 potest
2609 2251 2787 2321 citra¹

504 2345 990 2417 omnimodam
1037 2346 1515 2419 resolutionem
1545 2352 1614 2419 δε
1659 2346 2058 2419 exhaustum
2087 2400 2112 2435 ,
2178 2347 2414 2442 itaque
2443 2346 2792 2422 summanr

502 2446 761 2520 virium
832 2446 1168 2534 jaeluram
1213 2446 1735 2543 consequentem
1770 2498 1793 2533 ,
1853 2438 2154 2543 indeque
2196 2445 2608 2548 syncopem,
2660 2474 2781 2522 aut

507 2546 690 2617 certe
721 2547 1205 2648 lipothymiam
1231 2600 1252 2633 ,
1315 2573 1521 2643 atque
1592 2549 1905 2619 omnium
1964 2548 2397 2618 funfflonum
2457 2546 2779 2619 abolitio-

501 2670 669 2715 nem
696 2697 719 2729 ‚
777 2672 851 2716 ut
886 2672 965 2714 ex
1019 2647 1082 2715 se
1115 2647 1266 2714 satis
1300 2669 1544 2712 notum
1577 2640 1698 2711 est.
1734 2643 1831 2712 At
1866 2642 2025 2713 vero
2064 2644 2307 2710 humor
2343 2642 2591 2712 fetosus
2625 2642 2785 2713 fim-

506 2743 669 2840 plex
688 2747 756 2813 &
774 2740 1112 2838 benignus
1135 2741 1395 2810 nullam
1425 2762 1682 2810 naturae
1713 2739 2059 2836 ingratam
2087 2738 2487 2838 qualitatem
2513 2744 2583 2813 &
2609 2742 2784 2813 alie--

506 2864 677 2912 nam
718 2838 922 2912 valde
954 2892 977 2925 ‚
1051 2840 1451 2938 nullamque
1515 2836 1902 2909 molestiam
1951 2839 2194 2909 inferre
2242 2834 2497 2936 potest3
2551 2865 2775 2938 neque

500 2937 882 3012 notabilem
926 2937 1247 3010 offensam
1322 2936 1753 3010 funffionum
1802 2940 2171 3038 importare
2201 2989 2224 3023 ‚
2286 2962 2404 3010 aut
2456 2937 2790 3012 habitum-

500 3040 812 3137 corporis
871 3040 911 3109 a
945 3040 1242 3110 naturali
1281 3038 1454 3110 statu
1507 3040 1575 3108 in
1614 3063 1750 3109 non
1779 3039 2155 3109 naturalem
2182 3040 2544 3111 immutare
2571 3092 2594 3126 ,
2648 3040 2783 3111 nifi·

499 3140 652 3212 fere
729 3136 947 3210 sensus
1001 3138 1358 3211 devincere
1400 3136 1489 3209 ad
1544 3160 1809 3237 ternpus
1853 3136 2269 3210 fatendum:
2336 3164 2495 3209 nam
2553 3142 2622 3208 in
2667 3136 2785 3211 his*

496 3235 804 3311 febribus
845 3236 1206 3310 mediocris
1272 3237 1532 3333 alioqui
1581 3235 1676 3308 est
1727 3241 1871 3326 ejus
1928 3239 2148 3309 fervor
2191 3260 2266 3310 ut
2321 3235 2785 3309 metuendum&

495 3361 648 3410 non
685 3333 759 3408 sit
802 3340 838 3409 ὲ
867 3338 1170 3409 conferto
1201 3389 1224 3424 ,
1264 3343 1409 3426 ejus
1440 3334 1530 3407 ad
1562 3361 1766 3436 caput
1795 3390 1819 3424 ,
1871 3362 1988 3409 aut
2025 3338 2348 3421 aliorsum
2401 3362 2597 3435 raptu
2626 3389 2647 3421 ,
2693 3342 2779 3410 δεῖ

498 3438 549 3508 ὲ
583 3430 1028 3534 ”gravioribus
1079 3438 1366 3538 proinde
1424 3435 1891 3536 symptomatis
1932 3433 2499 3534 consequentibus
2528 3489 2553 3525 ,
2606 3438 2762 3508 cum

491 3536 875 3638 praesertim
927 3561 1347 3638 praepropere
1401 3536 1651 3609 resolvi
1695 3533 1770 3608 lit
1806 3561 2098 3638 pronuss

605 3634 769 3724 Jam
796 3636 957 3711 vero
985 3642 1190 3709 urinae
1220 3640 1363 3709 bene·
1394 3646 1699 3708 coloratae
1728 3690 1751 3724 ,
1795 3640 2182 3732 omninoque
2215 3636 2431 3707 urinis
2442 3634 2764 3724 fimorum
2816 3654 3133 3729 andaset

456 3733 912 3833 stmilesfime
936 3734 1356 3834 inseparabile
1383 3736 2123 3832 ephemerarumfignum
2154 3790 2176 3823 ,
2209 3732 2240 3779 ⁵
2278 3740 2435 3808 Gal.
2461 3722 3131 3833 observa-1⁸“⁰¹⁰‘·‘¹²“

500 3839 717 3907 tione.
768 3835 899 3909 Sed
948 3841 1130 3909 enim
1171 3836 1579 3936 experientia
1630 3838 1798 3918 teste
1849 3836 2198 3928 ejusmodi
2256 3836 2408 3909 sane
2443 3837 2653 3908 urinae
2677 3836 2779 3906 fa-

493 3934 807 4007 miliares
846 3935 1304 4032 quoque-sunt
1343 3936 2437 4050 omnibus-morbisapleonex'ffl.
2453 3931 2664 4013 §erola
2680 3959 2813 4013 ex-e‘
2871 3959 2879 3967 ·

583 4106 622 4163 ρ
645 4103 701 4164 2»
721 4087 795 4156 de
821 4086 1022 4176 Crifib.
1051 4085 1189 4173 022.
1208 4104 1272 4173 *³2
1454 4094 1498 4169 b
1513 4107 1729 4215 {bias
