3593 5087
822 403 898 476 'A
1023 399 1712 480 COELUVIE
1810 402 2322 480 SEROSA;
2580 425 2726 504 73*

418 533 713 610 excretio
772 538 1038 635 alioqui
1100 537 1450 612 adferret?
1502 537 1698 625 Quid
1742 536 2041 633 denique
2099 535 2294 633 quod
2329 535 2712 635 progressu·

426 640 634 707 aetatis
664 638 1083 708 hemicrania
1119 637 1487 734 languente
1513 634 1795 708 omnino
1835 638 2128 709 vomitus
2168 641 2237 708 &
2278 633 2477 732 sopor
2508 638 2685 705 nihi·

426 732 727 806 lominus
773 760 1065 832 repetere
1118 735 1461 833 periodice
1504 762 1621 833 per
1675 758 2057 833 temporum
2106 735 2513 804 mutationes
2541 787 2564 819 ,
2609 741 2684 807 &

422 833 567 901 una
593 857 753 903 cum
781 833 879 903 his
912 831 1280 908 convulfivi
1315 837 1519 905 totius
1562 834 1813 906 ventris
1868 832 2136 903 dolores
2161 885 2186 919 ‚
2240 834 2427 929 iique
2453 829 2680 904 acerbi

419 947 512 999 'ur
568 956 678 1002 ere
701 930 924 1028 primo
951 928 1393 1030 affligereque
1414 954 1777 1031 coeperunt
1799 935 1832 1003 ξ’
2635 1015 2638 1024 ,

559 1050 631 1097 ta
671 1029 825 1101 sane
858 1029 1294 1103 statuendum
1320 1057 1572 1127 aquam
1602 1032 1671 1100 in
1702 1031 1922 1129 capite
1972 1024 2259 1102 residem
2280 1081 2303 1115 ,
2333 1034 2404 1101 &
2433 1025 2677 1124 susque
2770 1038 2902 1093 aqu·
2948 1040 3044 1086 an

2657 1129 2668 1140 .
2709 1092 2855 1139 serum
2932 1111 3068 1140 ten-s

419 1123 652 1222 deque
696 1129 736 1197 a
789 1130 1135 1228 repentina
1187 1128 1543 1201 ambientis
1598 1130 2060 1212 commotione
2094 1151 2424 1224 concepto
2461 1128 2674 1202 veluti
2705 1167 2844 1208 qum
2870 1152 2997 1196 aur.
3021 1169 3036 1195 ε

416 1222 686 1298 fervore
740 1229 1079 1325 agitatam
1105 1281 1129 1314 ,
1195 1235 1267 1302 &
1314 1229 1521 1326 longe
1570 1228 1840 1323 lateque
1879 1226 2398 1324 despumantem
2454 1227 2675 1323 primo
2709 1207 3038 1323 ξζξῗψζῇἷξζ

416 1321 855 1396 membranas
888 1324 1146 1398 cerebri
1170 1328 1532 1425 impetere,
1554 1324 1989 1419 violentaque
2007 1349 2243 1395 earum
2269 1321 2679 1397 distentione
2712 1324 2860 1369 ‘'sm'‘
2878 1352 2900 1377 ⁸

418 1419 745 1492 dolorem
790 1421 1136 1521 infligere,
1184 1425 1422 1521 quoad
1442 1421 1749 1496 ebullitio
1780 1424 1917 1521 ipsa
1945 1419 2180 1493 sensim
2209 1422 2683 1518 conquiescere

416 1520 665 1617 incipit
707 1522 958 1618 perse,
1020 1521 1526 1621 perturbatione
1566 1525 1838 1594 externa
1884 1522 2134 1618 pariter
2194 1519 2422 1593 sedata
2456 1575 2477 1607 ,
2531 1545 2679 1595 tum
2922 1613 2939 1620 ·

416 1618 717 1692 eandem
770 1617 902 1692 five
962 1619 1191 1720 sponte
1238 1620 1391 1708 sua,
1439 1619 1571 1694 five
1598 1619 2083 1721 compreffione
2124 1618 2677 1693 membranarum
2711 1651 2755 1698 ει
2796 1651 2916 1704 {aaa
2950 1651 3036 1701 rea

420 1713 689 1788 exculffi
741 1719 988 1817 partim
1012 1746 1131 1818 per
1186 1721 1398 1818 palati
1436 1722 1649 1791 latam
1689 1723 1875 1794 viam
1903 1718 2087 1791 reffli
2116 1745 2184 1789 in
2221 1711 3056 1826 ventriculum-jssm'ssssffssffi'

418 1814 835 1887 decumbere
863 1870 886 1904 ,
916 1822 1263 1916 partimin
1288 1822 1473 1891 nervi
1506 1820 1667 1890 sexti
1712 1820 1894 1918 paris
1919 1818 2330 1915 principium
2360 1817 2676 1890 deerran-
2711 1838 2785 1893 Ψ
2809 1827 2912 1926 :³³⁸⁸
2955 1825 3034 1870 '¹‘-

416 1935 563 1985 tem
590 1966 612 2001 ‚
666 1916 1198 2012 implentemque
1251 1942 1331 1987 ac
1389 1916 1888 1988 distendentem
1917 1914 2168 1986 viscera
2189 1965 2211 2000 ‚
2264 1915 2678 2011 praecordia-
2707 1895 2808 1927 ’Μ
2844 1897 2874 1927 ⁰
2904 1895 2922 1927 ⁸

419 2036 563 2107 que
585 2064 610 2098 ‚
650 2018 721 2084 δε
757 2036 976 2109 partes
1014 2012 1386 2084 abdomine
1435 2038 1783 2085 contentas
1826 2011 2225 2084 contrahere
2259 2035 2466 2106 atque
2519 2038 2677 2085 con-

420 2110 672 2182 vellere
704 2134 844 2180 non
864 2107 999 2182 fine
1025 2110 1270 2183 acerbo
1293 2111 1607 2207 quodam
1642 2112 1886 2183 dolore
1914 2164 1937 2196 ,
1989 2109 2241 2208 partim
2278 2108 2576 2204 denique
2606 2112 2682 2181 in

418 2232 689 2279 meatus
723 2206 981 2280 cerebri
1033 2211 1354 2281 sensorios
1387 2213 1683 2281 irruere:
1736 2235 1950 2305 quare
1998 2203 2387 2279 errabundo
2418 2209 2541 2279 illo
2565 2206 2908 2282 va-·¹²³⁶“¹¹¹‘
2967 2207 3037 2256 ‘¹¹‘

2713 2267 2941 2313 versorum

420 2307 566 2376 rias
594 2308 663 2376 in
693 2328 916 2403 partes
950 2332 1142 2379 motu
1189 2305 1455 2380 diversa
1488 2309 1940 2407 symptomata
1973 2330 2221 2404 paucas
2255 2308 2434 2377 intra
2475 2310 2674 2380 horas
2710 2324 2990 2393 symptozm·

415 2403 710 2490 inferre,
752 2402 1007 2477 scilicet
1050 2405 1362 2478 dolorem
1386 2410 1621 2505 capitis
1648 2407 1826 2478 hanc
1872 2407 1980 2478 vel
2009 2406 2201 2475 illam
2240 2430 2503 2504 partem
2533 2408 2674 2480 vel-
2707 2395 3032 2502 ζῗῑῗᾶζῗῗω

416 2504 739 2575 ficantem
767 2557 789 2590 ,
841 2507 1178 2578 vomitum
1214 2530 1410 2603 aquae
1441 2512 1511 2581 δε
1567 2504 1721 2579 bilis
1764 2506 2076 2605 soporem
2125 2529 2264 2576 non
2315 2502 2672 2579 difficilem

416 2602 536 2674 sed
578 2604 899 2701 fugacem
935 2657 960 2691 ‚
1017 2604 1331 2677 dolorem
1376 2605 1676 2702 denique
1725 2606 2114 2676 alterutrius
2168 2604 2669 2702 hypochondrii

419 2726 540 2773 aut
568 2702 932 2797 utriusque.
960 2700 1370 2776 Notandum
1416 2704 1509 2776 est
1537 2729 1770 2775 tamen
1812 2703 1955 2775 fieri
1984 2698 2166 2802 posse
2191 2726 2267 2773 ut
2299 2729 2436 2775 non
2472 2703 2668 2777 simul
2723 2734 3034 2787 auin-dvm

418 2798 562 2885 haec
612 2803 849 2873 omnia
903 2802 1254 2875 hominem
1295 2802 1653 2890 infestent,
1711 2802 1828 2874 sed
1871 2828 1951 2873 ex
2019 2803 2098 2871 iis
2143 2801 2463 2893 quaedam
2528 2829 2668 2874 uno
2703 2792 2790 2839 ⁵⁰·
3037 2799 3044 2812 “

421 2922 561 2970 tem
611 2925 728 2971 ore
762 2951 783 2982 ,
849 2902 985 2970 alia
1034 2903 1174 2970 alio
1212 2954 1235 2986 ,
1287 2925 1363 2971 ut
1414 2927 1493 2972 ex
1544 2899 1818 2976 diversrs
1858 2898 2434 2973 observationibus
2492 2900 2671 2971 infra

429 3022 557 3094 exp
587 2995 850 3065 icandis
890 2996 1244 3067 constabit.

528 3091 889 3180 Quoniam
944 3092 1150 3192 porro
1225 3093 1643 3169 convulfivos
1690 3099 1841 3169 illos
1897 3096 2287 3169 abdominis
2338 3102 2409 3171 δε
2459 3095 2671 3199 hypo-
2722 3110 3035 3184 Canthara-21

424 3191 920 3263 chondriorum
986 3192 1258 3266 dolores
1314 3197 1554 3291 capitis
1604 3195 1805 3266 dolor
1860 3199 2194 3295 praevertit
2252 3196 2506 3297 semper
2531 3252 2555 3285 ,
2604 3220 2673 3269 at
2705 3184 2843 3275 335²:
2891 3174 3038 3283 «ζῖζῖ

424 3293 497 3359 in
560 3317 673 3361 me
702 3343 723 3376 ,
790 3292 1076 3387 aliisque
1122 3293 1269 3364 sum
1332 3316 1682 3392 expertuS,
1736 3300 1806 3366 ὅ(
1841 3292 2105 3393 patebit
2146 3298 2213 3366 in
2252 3296 2531 3369 historia
2580 3295 2673 3364 se-
2703 3287 3030 3391 {Jggffiffff

420 3392 663 3483 quenti
689 3442 713 3475 ,
744 3388 960 3461 obiter
982 3392 1140 3462 hinc
1166 3392 1318 3464 elici
1359 3392 1576 3491 potest
1603 3418 1811 3492 caput
1840 3418 1962 3492 per
1983 3405 2010 3434 ⁸
2037 3398 2446 3469 monde-m
2479 3389 2675 3462 labo-
3027 3380 3032 3397 ⁶

423 3512 573 3559 rare
602 3541 623 3572 ,
700 3488 1018 3560 intestina
1067 3515 1300 3564 autem
1331 3544 1356 3578 ‚
1427 3494 2018 3590 ventriculumque
2062 3489 2677 3594 perbcupcva'351aer

416 3588 690 3683 capitis.
1336 3610 1349 3615 ·
1847 3650 1850 3655 ,
1957 3650 1958 3653 ,

512 3683 686 3779 ⁸Age
723 3685 904 3755 enim
948 3710 1345 3784 quanquam
1395 3689 1810 3764 hemicrania
1847 3688 2152 3789 respeostu
2201 3682 2556 3785 ventriculi
2597 3690 2669 3758 &
2730 3723 3024 3773 umam„

420 3780 893 3867 intestinorum
960 3783 1158 3860 statui
1222 3787 1435 3886 potest
1508 3798 2010 3868 istan-aenam,
2050 3808 2277 3855 tamen
2339 3785 2667 3880 quoniam
2700 3782 2725 3826 ³
2784 3781 2879 3826 “¹⁰

390 3879 781 3978 sumerseti
821 3888 892 3952 in
921 3911 1178 3980 corpore
1197 3889 1479 3966 humano
1491 3889 1657 3981 stim
1674 3886 1925 3984 viscera
1949 3908 2094 3954 cum
2124 3881 2293 3972 Wfis
2312 3935 2336 3973 ι
2358 3884 2482 3977 s‘d
2506 3908 2671 3979 Fsoe·
2701 3848 2935 3983 3223·-

2696 3994 2756 4042 fit
2772 4019 2795 4048 ,

500 4054 538 4093 a
620 4033 913 4095 Affectum
954 4018 1271 4122 proprium.

498 4111 540 4174 b
630 4112 1003 4182 Consensum.

2111 4195 2180 4274 Κ
