3593 5087
869 405 949 486 Ἀ
1047 391 1723 483 PROLUV'IE
1806 398 2319 480 sunosA.
2542 420 2689 508 34,

437 535 562 618 bus
591 593 612 626 ,
663 532 993 610 nimirum
1050 536 1524 634 intemperiem
1581 532 1915 631 frigidam
1966 531 2302 603 summam
2330 585 2354 620 ,
2393 557 2547 629 quae
2581 562 2691 609 ex·

438 638 750 712 haustam
786 634 1150 735 spirituosae
1194 632 1632 729 humidaeque
1669 632 1777 704 seu
1821 631 2111 703 carnosae
2144 631 2475 705 viscerum
2517 631 2697 706 subs-

446 741 674 812 tantiae
697 739 739 809 a
796 733 1019 808 febrili
1056 732 1304 804 ardore
1344 732 1616 803 illatum
1659 731 2092 828 consequitur
2117 783 2142 820 ,
2189 735 2259 806 ὃς
2297 730 2696 807 obstrufflo-

445 862 565 912 nes
592 835 724 910 five
748 857 1044 907 tumores
1074 830 1499 905 eorumdem.

546 935 727 1025 Quae
757 936 942 1006 enim
973 955 1078 1002 ars
1123 929 1523 1003 exhaustum
1573 927 1940 1002 humidum
1969 930 2458 1028 primigenium
2510 928 2700 1002 resti-

441 1060 673 1121 tuere,
720 1032 1228 1124 extinstumque
1271 1031 1573 1103 calorem
1617 1029 2062 1102 vernaculum
2105 1029 2336 1102 denuo
2387 1031 2709 1104 suscitare

442 1133 713 1236 potest?
757 1155 914 1229 quae
955 1127 1288 1201 industria
1305 1131 1607 1201 tenacius
1636 1128 2161 1200 adhaerescentes
2186 1182 2210 1216 ‚
2244 1135 2313 1202 ὅ(
2345 1127 2535 1226 quasi
2557 1134 2705 1218 jam

440 1256 791 1307 concretos
847 1228 1273 1324 adnatosque
1329 1227 1644 1300 vasorum
1690 1225 2064 1327 parietibus
2098 1227 2419 1300 humores
2453 1227 2705 1302 abster-

441 1360 613 1434 gere
646 1386 670 1419 ,
744 1331 856 1404 vel
904 1330 1104 1399 altius
1150 1324 1539 1399 imbibitarn
1585 1327 2097 1426 impastamque
2149 1325 2479 1400 viscerum
2526 1331 2707 1426 poris
3130 1415 3136 1422 .

444 1435 747 1504 alienam
788 1424 1227 1500 substantiam
1251 1422 1562 1513 abluere,
1599 1451 1810 1522 atque
1847 1424 2113 1498 saxeam
2141 1425 2353 1525 prope
2381 1427 2707 1501 duritiem
2784 1438 3069 1512 Οδῼωᾶῑο-

441 1531 758 1604 emollire
777 1581 801 1615 ,
859 1526 1272 1599 retorridum
1300 1524 1600 1621 denique
1634 1526 2085 1625 parenchyma
2112 1524 2433 1622 aequabili
2454 1533 2523 1601 δε
2542 1528 2708 1628 pris-
2750 1506 3073 1617 ’33ζὶῗὶἶῖ

446 1634 595 1702 tino
631 1628 1009 1701 substantiae
1046 1625 1262 1698 modo
1286 1648 1710 1698 commutare
1727 1623 2023 1714 valebit,
2072 1622 2191 1696 etsi
2214 1651 2523 1725 namque
2558 1625 2711 1699 obs-
2751 1626 2967 1666 ‘mmm'
2991 1613 3018 1662 ἶ

446 1730 823 1802 auctiones
844 1725 1271 1823 tumoresque
1294 1726 1625 1799 viscerum
1668 1726 1741 1796 in
1789 1722 2129 1825 principio
2168 1748 2381 1797 artem
2427 1727 2715 1801 minime

449 1830 774 1929 superare
828 1826 1199 1915 videntur,
1243 1825 1688 1898 nihilominus
1755 1849 1986 1895 tamen
2042 1849 2189 1896 tum
2229 1848 2509 1923 quoque
2557 1827 2720 1901 raro

448 1950 948 2031 per-curantur,
1001 1927 1169 2021 quia
1210 1925 1461 1998 scilicet
1504 1949 1623 1995 aut
1674 1948 1793 2022 per
1824 1922 2285 1996 ·Medicorum
2333 1923 2717 2000 socordiam

445 2025 1062 2130 praetervidentur,
1087 2049 1207 2096 aut
1258 2025 1530 2095 ratione
1567 2022 2039 2095 diuturnitatis
2075 2023 2261 2122 negli
2317 2048 2523 2097 untur
2548 2026 2725 2125 sper·

451 2121 899 2221 nunturque,
937 2124 1173 2222 utpote
1207 2127 1364 2195 cum
1402 2129 1472 2195 ὅ(
1532 2123 1697 2219 :egri
1745 2121 1974 2194 statim
2006 2146 2214 2220 atque
2276 2120 2450 2194 ebris
2498 2122 2725 2198 defer-

452 2225 614 2298 buit
658 2225 719 2294 se
766 2222 1059 2293 habeant
1098 2225 1416 2312 ὄρθοςόῶὅν
1471 2272 1495 2307 ,
1563 2222 1930 2319 capiatque
1986 2245 2099 2293 eos
2148 2219 2508 2294 fastidium
2564 2227 2724 2298 cum

457 2323 1133 2396 medicamentorum
1148 2344 1298 2392 turn
1323 2319 1791 2408 medicorum,
1828 2325 1898 2394 ὅ(
1921 2319 2197 2395 vicissim
2217 2319 2522 2394 medicos
2557 2323 2730 2426 saepe':

456 2423 748 2525 propria
778 2421 1097 2494 avarities
1124 2417 1216 2492 ad
1267 2419 1800 2494 valedicendum
1829 2423 2027 2520 aegris
2070 2446 2341 2522 partam
2380 2421 2539 2494 ante
2584 2430 2730 2499 vic·-

454 2525 718 2598 toriam
747 2521 1106 2608 sollicitet,
1148 2545 1268 2592 aut
1310 2518 1487 2592 certe
1525 2518 1752 2618 pudor
1781 2525 1941 2611 *ejus
1993 2545 2139 2592 tam
2186 2518 2311 2593 diu
2365 2520 2613 2597 delatae
2654 2554 2736 2600 re

454 2622 851 2697 inconfeffli
883 2623 1067 2692 clam
1101 2620 1229 2692 sese
1257 2617 1669 2693 substrahere
1721 2621 2095 2721 compellat
2128 2650 2147 2692 t
2194 2621 2429 2717 itaque
2478 2624 2733 2699 morbo

454 2723 554 2796 ob
609 2722 798 2793 hasce
832 2719 1062 2792 causas
1103 2722 1169 2791 in
1211 2718 1359 2791 dies
1410 2723 1747 2807 majorem
1784 2721 2180 2815 acquirente
2219 2726 2727 2797 contumaciam

422 2817 708 2894 ,sensim
751 2819 1094 2890 succrescit
1140 2817 1440 2915 hydrops
1466 2870 1493 2903 ,
1542 2820 1668 2913 qui
1704 2818 1969 2913 alioqui
2014 2841 2168 2889 tum
2195 2815 2477 2887 demum
2516 2846 2729 2918 nego-

456 2922 647 2993 tium
675 2915 987 2988 exhibere
1028 2939 1215 3012 aegro
1248 2921 1320 2987 δε
1354 2914 1726 2987 revocandi
1767 2915 2074 2988 medicos
2102 2912 2525 2987 occasionem
2560 2917 2737 2991 dare

460 3016 760 3114 incipit,
808 3016 965 3086 ciim
1004 3017 1146 3102 jam
1174 3012 1505 3086 viscerum
1529 3016 1950 3114 cacopragia
1998 3016 2274 3116 longius
2304 3018 2613 3116 provexit
2655 3025 2733 3096 δε

462 3118 669 3192 omni
710 3138 854 3188 arte
896 3112 1196 3213 superior
1232 3110 1462 3186 evasit.
2749 3168 2765 3186 .

573 3213 743 3304 Quo
782 3212 938 3285 sane
1005 3237 1312 3311 tempore
1369 3213 1581 3307 quam
1617 3210 1766 3283 fieri
1799 3211 2023 3313 potest
2053 3217 2287 3314 primae
2334 3218 2501 3289 mali
2545 3216 2741 3291 fibrae

463 3313 914 3391 eradicandae
938 3312 1088 3385 sunt
1112 3366 1134 3399 ‚
1166 3318 1237 3386 ὅτ,
1265 3317 1527 3386 naviter
1561 3315 1905 3384 curationi
1931 3314 2468 3390 incumbendum
2493 3371 2515 3404 ‚
2559 3318 2739 3391 dum

470 3414 716 3487 adhuc
740 3437 982 3483 natura
1032 3411 1363 3493 viscerum
1401 3413 1807 3509 integritatis
1849 3412 1979 3484 fuae
2013 3415 2540 3510 quodammodo
2583 3420 2743 3488 reti--

467 3535 651 3586 nens
678 3510 772 3583 est
797 3564 821 3599 ,
860 3512 990 3581 hoc
1025 3510 1120 3582 est
1145 3563 1169 3597 ,
1220 3533 1399 3609 aeger
1452 3509 1546 3584 est
1579 3504 2015 3601 ιῶπλαΓχιΘ·
2039 3566 2062 3602 ,
2095 3539 2172 3584 ac
2214 3517 2733 3613 quamprimum*
2831 3536 3064 3600 nymph

463 3636 670 3686 certa
703 3609 768 3683 se
807 3608 1111 3709 produnt
1152 3608 1343 3709 signa
1388 3610 1774 3710 hydropem
1826 3613 2331 3683 interminantia
2361 3667 2385 3701 ,
2430 3615 2730 3705 cujusce·
2774 3592 3106 3705 ffssssssssm

459 3710 679 3786 modi
740 3708 891 3781 sunt
923 3763 947 3797 ,
991 3733 1226 3810 praeter
1261 3712 1640 3783 tentionem
1667 3716 1740 3785 &
1767 3713 2181 3809 gravitatem
2227 3712 2732 3813 hypochondrii
3028 3738 3031 3739 ’

461 3809 835 3906 utriusque
860 3861 885 3897 ,
920 3833 1038 3881 aut
1068 3810 1454 3883 alterutrius
1473 3862 1496 3896 ,
1530 3809 1849 3909 dispnoea
1870 3863 1897 3897 ,
1923 3806 2114 3882 asitia
2134 3864 2158 3898 ,
2177 3815 2375 3883 urina
2409 3837 2545 3885 non
2573 3815 2732 3895 satis

460 3911 674 4013 potui
700 3908 815 3982 res
847 3907 1158 3998 ondens,
1210 3916 1281 3983 &
1313 3911 1652 4007 incipiens
1689 3910 2047 3996 cachexia,
2098 3935 2252 4006 quae
2277 3912 2409 3984 sese
2448 3914 2732 3989 eviden-

464 4036 583 4084 ter
644 3936 878 4105 prodpit
917 4034 1132 4108 pravo
1168 4010 1377 4081 totius
1431 4004 1700 4077 habitus
1761 4013 2036 4097 colore,
2080 4034 2416 4107 genarum
2455 4000 2673 4088 l'rvo're
2702 4071 2729 4107 ,

457 4132 560 4184 ac
606 4104 868 4206 pedum
896 4131 1162 4180 tumore
1195 4158 1224 4199 ‚
1294 4129 1557 4207 magno
1603 4106 1857 4185 virium
1910 4110 2247 4210 languore
2275 4112 2448 4191 &id
2494 4139 2740 4220 genus.

1607 4434 1642 4447 x
