3593 5087
889 387 1035 483 238
1138 381 1557 462 Monss1
1654 380 2297 486 THORACIs
2395 381 2942 463 l-NTERNI

883 517 1059 584 ultro
1082 539 1489 610 exponentem
1519 564 1546 595 ,
1602 521 1682 587 ab
1710 521 1782 583 ea
1812 537 2023 583 tamen
2055 517 2361 610 angustia
2385 513 2620 604 serfim
2645 514 2781 598 line
2811 516 3011 608 sensit
3039 517 3145 589 die·

876 615 1237 706 procedente
1289 620 1645 686 liberiorem
1672 615 1840 706 fleri
1867 609 2209 706 prasertim
2262 615 2401 707 post
2443 617 2762 685 meridiem
2786 646 2815 693 ;
2845 621 2965 708 sed
2972 621 3133 709 suc-

768 806 774 812 κ
881 715 1123 783 cedente
1145 719 1385 806 fhmno
1434 719 1664 788 iterum
1706 711 1954 810 affeclio
2028 720 2381 785 recurrebat
2441 713 2516 786 ό·
2581 720 2846 809 urgebat
2886 721 3131 811 paritet·

881 817 1192 906 optimum
1205 817 1439 909 semen.
2736 824 2746 832 ’

981 917 1131 987 Jam
1164 938 1377 985 autem
1426 939 1628 986 unum
1663 909 1735 983 ό·
1768 919 2042 983 alterum
2100 939 2348 985 annum
2397 915 2495 984 ita
2533 938 2696 1007 teger
2727 916 2885 984 mire'
2909 912 3133 1012 suspi-

884 1013 1097 1104 riofies
1121 1017 1385 1085 vixerat
1406 1067 1426 1099 ‚
1475 1037 1547 1084 ut
1581 1017 1873 1084 animam
1903 1013 1973 1082 in
2006 1015 2141 1082 dies
2169 1038 2286 1084 aut
2310 1017 2533 1108 potius
2586 1023 2658 1082 in
2711 1013 2918 1083 nodes
2954 1042 3135 1111 agere

886 1112 1245 1200 videretur,
1294 1113 1587 1188 Medicis
1627 1137 1788 1210 quos
1823 1115 1935 1181 ille
1956 1110 2363 1202 constituerat
2388 1117 2551 1183 aliis
2582 1115 2887 1184 intubum
2919 1143 2934 1182 ι
2981 1117 3140 1186 aliis

869 1212 1206 1303 sonticum
1263 1219 1551 1285 morbum
1605 1215 2028 1307 opinantibus
2056 1263 2079 1298 ,
2128 1238 2275 1283 cum
2347 1239 2480 1282 meo
2550 1211 2814 1300 confilio
2887 1235 2962 1284 ut
3027 1216 3137 1286 illi

890 1310 1121 1403 visum.

989 1411 1144 1510 Ego
1180 1413 1392 1511 igitur
1416 1436 1669 1485 attente
1716 1410 2094 1483 anhelitum
2129 1411 2326 1482 illum
2374 1411 2654 1482 intuitus
2689 1463 2713 1497 ,
2784 1411 3136 1509 multaque

886 1535 1007 1610 per
1033 1536 1246 1582 unam
1275 1536 1395 1581 aut
1421 1512 1705 1584 alteram
1734 1511 1975 1581 horam
2024 1510 2213 1609 apud
2244 1537 2354 1582 me
2379 1510 2743 1582 meditatus
2767 1510 2960 1609 super
2976 1538 3133 1586 cau-

887 1609 968 1682 fis
993 1631 1137 1681 tam
1171 1611 1527 1709 pertinacis
1578 1608 1910 1707 angustia:
1929 1661 1949 1693 ,
2000 1614 2075 1681 &ff
2094 1609 2586 1704 quotidianum
2612 1611 2973 1682 circuitum
3001 1637 3135 1711 prae

525 1727 847 1778 fare-uinf-
889 1709 953 1781 se
990 1708 1262 1781 ferentis
1288 1761 1312 1795 ,
1358 1705 1651 1780 conclufi
1687 1706 1966 1780 tandem
1992 1708 2350 1780 humorem
2394 1711 2592 1782 illum
2624 1706 2753 1782 five
2805 1706 3137 1784 bronchia

525 1788 850 1893 {Zffiffiessfst
889 1807 1250 1910 ipsumque
1293 1808 1689 1907 pulmonem
1752 1832 2247 1906 occupantem,
2295 1806 2427 1881 five
2464 1809 2695 1881 medio
2748 1810 2817 1878 in
2869 1810 3141 1908 pedion:

887 1909 1114 2007 potius
1166 1907 1597 2005 stagnantem
1624 1905 1961 1995 ejusmodi
1982 1901 2110 1979 esse
2127 1959 2149 1991 ,
2176 1931 2251 1978 ut
2280 1907 2498 1979 somni
2518 1907 2802 2004 quidem
2827 1932 3135 2009 tempore

888 2034 1008 2107 per
1049 2008 1533 2107 palindromen
1591 2005 1858 2104 spiritus
1922 2006 2147 2079 vitalis
2205 2007 2278 2076 in
2338 2006 2715 2108 praecordia
2793 2004 3132 2083 refluentis

886 2132 1147 2181 novum
1185 2108 1573 2206 conciperet
1607 2104 1958 2201 quendam
2005 2105 2338 2178 fervorem
2369 2160 2394 2194 ,
2432 2105 2613 2179 adeo
2639 2130 2714 2178 ut
2742 2132 2901 2178 cum
2924 2107 3018 2178 ita
3041 2108 3138 2180 ef-

887 2206 1254 2280 fervescens
1311 2207 1525 2305 spatio
1553 2206 1766 2279 veluti
1801 2204 1918 2276 suo
1960 2206 2291 2275 contineri
2333 2230 2408 2276 ut
2464 2207 2621 2276 ante
2676 2232 2811 2277 non
2872 2203 3139 2305 posset,

885 2307 1243 2403 pulmones
1271 2306 1751 2400 comprimeret
1785 2298 2152 2375 necessario
2184 2355 2206 2389 ‚
2244 2305 2478 2400 itaque
2527 2328 2791 2377 motum
2844 2304 3133 2380 liberum

890 2407 1314 2500 interciperet
1352 2431 1370 2479 ;
1426 2404 1690 2475 fervore
1723 2427 1954 2475 autem
1979 2427 2060 2473 eo
2089 2400 2320 2472 sensim
2346 2398 2729 2506 quiescente
2758 2430 2875 2504 per
2910 2405 2975 2476 se
3004 2407 3136 2505 spi-

890 2503 1027 2593 ritu
1058 2499 1313 2574 scilibet
1360 2501 1399 2574 ὲ
1499 2500 1839 2574 raecordiis
1886 2505 1956 2574 in
2001 2500 2312 2574 habitum
2343 2505 2644 2603 corporis
2672 2557 2695 2590 ‚
2737 2527 2810 2575 ut
2838 2503 2911 2575 fit
2938 2507 3008 2575 in
3032 2506 3136 2579 vi-

890 2600 1265 2700 gilantibus
1298 2656 1321 2690 ,
1367 2526 1691 2673 reguente
1723 2655 1744 2689 ,
1792 2626 1941 2673 tum
1972 2602 2332 2700 pulmones
2386 2601 2679 2703 spatium
2720 2602 2994 2676 liberius
3046 2618 3138 2679 ιε’·

829 2708 832 2711 ’
885 2726 1209 2799 cuperare
1244 2754 1264 2786 ,
1314 2727 1713 2802 aegrumque
1760 2697 1847 2771 fic
1899 2702 2145 2800 spirare
2192 2725 2354 2772 non·
2381 2703 2570 2772 tanta
2593 2728 2753 2775 cum
2780 2702 3138 2803 angustiat

886 2804 1049 2873 eum
1096 2800 1301 2901 porro
1328 2803 1687 2873 humorem
1717 2825 1934 2872 unum
1961 2799 2252 2871 serosum
2271 2795 2401 2873 effe
2428 2797 2610 2901 posse
2637 2800 2765 2874 five
2782 2828 3081 2899 aqueum
3106 2855 3134 2892 ‚

884 2899 1169 2996 qualem
1208 2901 1521 2975 videram
1544 2903 1716 2971 olim
1765 2899 1965 2971 semel
2000 2905 2071 2975 δι
2109 2900 2473 2971 iterumin
2520 2896 2812 2974 dissectis
2838 2905 3136 3001 corpori-

891 2998 1034 3070 bus.
1076 3001 1846 3093 Quammobremficmma
1890 3001 2420 3069 ratiocinationis
2452 3027 2596 3069 meae
2622 3000 2897 3072 addua-'la
2940 3006 3010 3073 ιὸ
3065 3003 3150 3095 est

892 3098 1146 3168 tandem
1173 3151 1196 3184 ,
1234 3122 1305 3169 ut
1334 3099 1786 3201 de'fficultatem
1837 3102 2031 3169 illam
2050 3098 2335 3191 spiritus
2366 3097 2668 3194 singulis
2717 3098 3007 3171 noblibus
3036 3128 3155 3173 ur-

890 3217 1138 3295 gentem
1171 3194 1246 3268 ό·
1281 3201 1352 3266 de
1407 3202 1501 3269 die
1552 3198 1855 3269 nonnihil
1911 3200 2320 3269 remittentem
2348 3202 2421 3268 in
2458 3199 2794 3297 hydropem
2852 3198 3151 3271 thoracis

891 3297 1306 3401 rejiciendam
1357 3297 1461 3391 effe
1515 3302 1690 3391 apud
1725 3326 1820 3368 me
1838 3299 2202 3392 statuerim.
3068 3305 3080 3321 '

575 3394 857 3499 Cunfiop‘e,
990 3394 1175 3468 Cum
1224 3421 1449 3468 autem
1512 3397 1831 3469 affestum
1887 3396 2292 3469 diuturnum
2338 3403 2408 3471 &
2467 3393 2931 3497 gravissimum
2978 3422 3171 3470 non·-

533 3497 671 3542 “Q
894 3493 1066 3567 dum
1118 3496 1367 3567 attritis
1414 3494 1642 3568 adhuc
1692 3494 1950 3567 viribus
1996 3496 2221 3595 primo
2270 3521 2548 3593 quoque
2588 3520 2896 3596 tempore
2940 3500 3163 3568 corri-

596 3565 614 3595 1
626 3581 638 3595 .
657 3553 859 3607 corpori·

536 3619 830 3668 neure-¹¹⁰·
895 3594 1207 3694 gendum
1237 3594 1330 3667 est
1359 3596 1531 3664 ratio
1574 3593 1835 3685 juberet
1859 3648 1882 3681 ,
1933 3621 2167 3687 corpus
2173 3598 2407 3691 statim
2440 3598 2919 3691 repurgandum
2951 3596 3170 3691 prees:-

539 3678 648 3766 ἐἰ
724 3725 861 3781 Aque
896 3693 1124 3786 criPfi2
1174 3694 1247 3767 ό
1302 3686 1598 3788 constitui
1648 3717 1720 3765 ut
1770 3695 2010 3787 aperiri
2016 3694 2151 3780 sthi
2181 3699 2564 3790 permitteret
2597 3703 2777 3765 latus
2820 3702 3093 3765 alterum
3131 3744 3179 3782 2,

521 3776 862 3882 ‘Wffiofl'e‘ff'
898 3816 970 3861 ut
987 3793 1223 3882 Jerfim
1268 3824 1309 3864 a
1356 3805 1442 3866 ud
1504 3802 1629 3867 illa
1674 3791 1895 3864 eduae
1946 3798 2238 3864 animam
2281 3797 2637 3866 libertorem
2682 3798 2921 3866 duceret
2967 3814 3183 3886 aegerg

530 3849 785 3961 mmm·
895 3886 1114 3979 Quod
1166 3921 1295 3967 con
1325 3896 1519 3969 1lium
1543 3919 1772 3967 meum
1795 3891 2060 3966 tardius
2096 3895 2305 3990 quam
2347 3920 2471 3993 par
2503 3918 2647 3965 erat
2677 3895 2835 3964 cum
2860 3889 3178 3970 audiffet

591 4030 811 4087 gum„
897 3989 1236 4087 Magister
1289 3995 1586 4085 Joannes
1618 3993 2023 4068 Vincentius
2066 3992 2472 4093 Chyrurgus
2515 3991 2662 4067 Suae
2711 3990 3177 4065 Celfitudinis
3220 4061 3241 4074 ,

899 4093 1195 4171 nimium
1240 4093 1314 4169 in
1365 4096 1497 4181 ‚hac
1547 4122 1622 4173 re
1677 4096 1857 4172 mitis
1906 4100 1976 4174 &
2029 4118 2215 4199 aegro
2258 4090 2622 4171 blandiens
2651 4145 2677 4189 ,
2728 4093 3001 4191 interea,⁸
3033 4089 3191 4196 hio
