3593 5087
1161 400 1660 481 INDEX
1759 387 2585 478 SECUNDUS

590 498 910 574 diuturna
982 504 1436 592 palpitatione
1512 505 1814 577 laboran-

590 594 766 663 tium
791 597 1083 681 plurima
1101 619 1283 687 aqua
1314 622 1583 687 turgens
1603 618 1818 678 reper—

593 705 740 754 tum
789 685 904 758 est.
1406 770 1414 775 ·
1485 715 1625 774 192.
1695 714 1808 774 ¹93

498 773 1072 861 Peripneumonia
1093 785 1162 854 &
1185 780 1399 849 Pleu
1355 782 1490 847 ntis
1504 775 1814 848 conlimi-

587 866 681 935 les
711 865 985 942 affestus
1016 922 1036 952 ,
1064 870 1307 959 quibus
1339 867 1576 957 lignis
1560 895 1598 937 a
1624 868 1730 939 se
1714 894 1815 936 m-

586 958 809 1029 vicem
870 959 1345 1050 distinguntur.
1688 984 1808 1046 255

494 1048 1061 1134 Peripheumonia
1087 1079 1164 1123 ex
1198 1049 1569 1123 Arthritide
1603 1050 1816 1120 letha-

590 1139 694 1212 lis.
1684 1154 1815 1226 416

494 1226 791 1304 Pituita
775 1259 840 1302 in
870 1235 1195 1320 pulmone
1223 1258 1554 1304 concreta.
1690 1259 1722 1299 2
1747 1260 1811 1321 15

494 1256 915 1396 Pleuriticlep
889 1352 1006 1395 cur
1023 1326 1276 1395 rustici
1263 1352 1327 1393 in
1353 1324 1581 1395 Gallia
1602 1320 1818 1412 singu

503 1474 508 1480 .
592 1414 672 1484 lis
702 1417 902 1502 hyen
909 1416 1053 1487 ibus
1088 1414 1500 1486 infestentur.
1600 1457 1604 1459 -
1699 1441 1819 1502 ¹54

495 1504 825 1592 Pleuritis.
863 1534 1006 1596 249.
1037 1508 1180 1592 ejus
1202 1511 1429 1598 Signa.
1457 1531 1601 1590 250
1606 1505 1814 1576 Causa

589 1599 961 1667 continens.
995 1624 1070 1686 25
1095 1625 1143 1666 1.
1182 1606 1339 1669 Pars
1382 1594 1640 1668 affecia.
1672 1621 1819 1685 25²--

589 1688 819 1759 Causae
870 1688 1400 1761 antecedentes
1384 1712 1708 1774 internae,
1752 1695 1818 1761 ἃ

590 1802 904 1851 externae.
925 1806 954 1847 2
977 1805 1070 1865 54.
1086 1778 1330 1867 quibus
1352 1777 1594 1870 lignis
1576 1804 1616 1847 a
1644 1781 1818 1863 peri-

590 1870 1499 1960 pneumoniadistinguatur.
1519 1896 1550 1937 2
1563 1897 1667 1960 55.
1672 1874 1819 1941 Pro-

590 1959 833 2053 g-nofis
867 1974 1015 2050 256.
1049 1966 1346 2037 Curati0.
1376 1968 1529 2051 256.
1560 1960 1824 2049 ad259.

595 2062 776 2140 Quae
818 2054 1196 2126 lethalis..
1691 2078 1814 2141 253

496 2142 1684 2229 Pleuritiscalidisnaturisfamiliaris.
1694 2172 1728 2213 2
1742 2173 1769 2234 5
1792 2173 1816 2233 3

498 2238 812 2312 Pleuritis
831 2238 1013 2307 mitis
1024 2242 1109 2315 ὅ(
1136 2262 1365 2323 parva.
1690 2262 1772 2321 27
1787 2266 1817 2327 5

500 2327 807 2404 Pleuritis
838 2328 1158 2400 Austoris
1186 2327 1650 2401 observatione
1675 2327 1817 2414 sep-

592 2418 764 2486 timo
785 2420 891 2489 vel
915 2420 1120 2490 etiam
1148 2444 1391 2509 quarto
1418 2416 1530 2489 die
1550 2418 1640 2490 ad
1668 2418 1822 2505 sup-

590 2508 1019 2591 purationem
1060 2509 1294 2580 tendit.
1352 2534 1385 2576 2
1398 2518 1503 2594 56.
1544 2510 1822 2595 Hippo-

591 2595 789 2672 cratis
811 2595 1273 2668 observatione
1293 2622 1432 2668 non
1457 2623 1613 2669 ante
1632 2600 1817 2670 deci-

594 2709 783 2756 mum
812 2710 1131 2774 quartum
1164 2685 1366 2758 diem.
1660 2690 1819 2755 ibid.

498 2776 854 2851 Pulmonis
899 2775 1118 2847 dextri
1172 2771 1643 2848 inflammatio.
1696 2799 1824 2863 247

596 2871 739 2953 ejus
776 2865 961 2954 ligna
992 2872 1061 2939 ὅ(
1095 2864 1342 2937 Causae.
1664 2868 1823 2938 ibid.

503 2959 852 3061 Pulmonis
869 2956 1211 3045 Hydrops.
1225 2962 1308 3033 V.
1327 2957 1653 3045 Hydrops
1666 2959 1825 3029 Pul

597 3073 835 3120 monis.

503 3141 733 3212 Pulvis
754 3140 983 3212 laxans
1003 3139 1073 3209 in
1102 3135 1387 3210 Calculo
1407 3135 1677 3215 Veficae.
1701 3165 1825 3227 320
1864 3171 1865 3175 ¹

504 3231 872 3319 Purgantia
923 3256 1080 3319 quo
1120 3252 1423 3316 tempore
1475 3232 1549 3301 in
1590 3233 1824 3309 Colico

600 3321 835 3392 dolore
878 3347 1098 3392 noxia.
1652 3348 1816 3411 3·02

504 3414 693 3482 Puris
730 3410 992 3500 aliquot
1029 3412 1212 3486 librae
1259 3414 1329 3484 in
1356 3413 1824 3499 Empticorum
1860 3480 1865 3486 .

505 3575 513 3586 ,
598 3498 1036 3579 cadaveribus
1086 3506 1394 3586 inventae.
1696 3529 1733 3573 2
1752 3530 1773 3573 1
1788 3531 1825 3590 7

1147 3691 1250 3772 Q..

738 3980 997 4044 mejunt

1125 4056 1208 4123 R.

513 3862 1051 4080 Quartanarii
1095 3866 1391 3942 multum
1454 3864 1699 3997 sudant
1759 3874 1825 3943 δε

683 4220 1028 4296 aucedinis
1058 4220 1268 4304 causae
1313 4216 1644 4295 motrices.
1696 4247 1821 4297 202

709 4315 915 4388 Renis
959 4339 1239 4415 externa:
1257 4312 1665 4393 membranae
1681 4330 1830 4391 ma-

1999 528 2138 593 gna
2179 503 2508 573 dilatatio.
3095 526 3231 587 290

1913 600 2181 665 Renum
2197 595 2442 665 validae
2472 589 2824 664 facultatis
2852 592 3229 678 expultricis

2000 688 2408 770 exemplum.
3102 692 3232 769 296

1913 776 2394 862 Respirationis
2439 798 2702 850 natura.
2774 801 2811 844 2
2830 799 2853 843 1
2871 800 2928 846 2.
2998 772 3233 844 instru-

2001 891 2234 939 menta
2268 867 2588 957 triplicia.
3097 888 3224 951 213

2504 1118 2509 1122 ,
2551 1054 2611 1120 S.
2648 1126 2655 1129 ,

1919 1227 2356 1395 Sanguinis
2408 1235 2479 1304 in
2560 1228 2819 1307 diffeffi
2887 1230 3243 1306 cadaveris

2071 1322 2236 1394 vasis
2259 1349 2370 1394 vix
2398 1323 2612 1428 libra
2596 1350 2870 1396 inventa
2895 1322 3009 1393 est.
3142 1348 3230 1411 95

1915 1416 2274 1503 Sanguinis
2313 1420 2383 1487 &
2415 1417 2553 1490 uini
2593 1417 3041 1518 comparatio.
3108 1438 3231 1500 445

1914 1506 2199 1593 Sanguis
2221 1529 2332 1577 eas
2352 1558 2375 1591 ‚
2388 1530 2567 1594 quas
2593 1508 2831 1577 vinum
2843 1506 3125 1589 ,patitur
3145 1503 3234 1573 af·

2003 1594 2324 1668 feffiones
2355 1597 2511 1667 licet
2542 1622 2702 1666 cum
2749 1594 3055 1683 quodam
3102 1593 3234 1663 dis-

1918 1755 1921 1758 .
2003 1687 2302 1759 crimine.
2325 1711 2478 1775 450.
2490 1684 2732 1773 potest
2760 1683 3141 1773 congelari,
3165 1690 3233 1756 &

2004 1779 2442 1850 concrescere.
3090 1802 3170 1858 45
3206 1800 3227 1843 1

1915 1873 2148 1941 Scotus
2175 1867 2501 1960 quidem
2483 1892 2522 1936 a
2569 1864 2827 1938 liberali
2859 1889 3056 1954 aquae
3084 1868 3230 1936 vitae

2008 1959 2044 2031 ὲ
2068 1962 2224 2033 vino
2243 1960 2588 2054 hispanico
2604 1958 2912 2030 extrafiae
2926 1980 3094 2043 potu
3121 1983 3228 2027 ex-

2006 2054 2364 2124 animatus.
3109 2059 3139 2134 5·
3155 2049 3226 2133 58

1917 2146 2159 2215 Semen
2179 2144 2356 2213 circa
2393 2164 2666 2211 uterum
2705 2138 2774 2210 in
2803 2160 3027 2227 pauca
3048 2140 3231 2208 colli-

2007 2236 2191 2323 gitur
2223 2233 2444 2319 copia
2514 2257 2535 2299 1
2559 2257 2658 2316 51..
2721 2255 2807 2300 an
2865 2229 3231 2318 aliquando

2010 2325 2408 2415 qualitatem
2439 2321 2684 2394 induat
2699 2318 3093 2394 veneficam.
3122 2347 3137 2387 1
3161 2344 3229 2407 3²

3098 2437 3231 2499 ¹33·

2009 2509 2080 2579 111
2110 2503 2523 2581 naturalibus
2548 2502 3051 2591 conceptaculis
3096 2526 3235 2573 tan-

2010 2624 2220 2688 quam
2248 2599 2589 2670 thesaurus
2611 2595 3052 2666 conservatur.
3100 2619 3239 2680 155.

2009 2692 2157 2770 ejus
2188 2688 2574 2765 substantia
2605 2692 2674 2759 &
2716 2683 3046 2769 hyparxis.
3080 2685 3241 2754 tbid.

1919 2782 2160 2848 Semen
2230 2774 2671 2846 foemininum
2733 2798 2820 2843 an
2862 2769 3243 2844 masculino

2012 2865 2348 2957 frigidius
2363 2863 2458 2937 fit.
3118 2868 3237 2949 156

1921 2958 2202 3030 Seminis
2278 2958 2675 3031 excretionis
2730 2959 2806 3028 in
2863 2951 3240 3043 epilepticis

2010 3047 3233 3128 causa.157

1920 3140 2106 3211 Seri
2091 3163 2159 3207 1n
2183 3160 2466 3222 corpore
2486 3136 2639 3209 usus
2661 3138 2991 3225 primarii.
3017 3161 3039 3204 1
3057 3159 3116 3203 2.
3151 3158 3238 3220 ¹5·

2011 3228 2403 3304 secundarii.
2443 3255 2540 3297 12.
2586 3240 2682 3296 16.
2716 3228 3058 3314 speciales.
3088 3225 3237 3294 ibid.

1921 3324 2056 3429 Seri
2109 3318 2490 3390 circu'lamis
2546 3317 2816 3394 effestus
2858 3343 2986 3406 per
3024 3337 3234 3388 totum

1977 3434 2272 3496 corpus.
3196 3428 3244 3491 7

2148 3502 2217 3569 in
2246 3524 2525 3590 corpore
2547 3500 2701 3572 usus
2715 3555 2739 3592 ,
2767 3526 3007 3573 natura
3039 3548 3068 3579 ,
3094 3520 3243 3577 cau-

2013 3602 2094 3650 Γφ
3009 3615 3113 3665 12,
3158 3614 3182 3655 ι
3197 3613 3234 3678 5

3167 3703 3244 3765 ¹7

3201 3797 3249 3862 7

3096 3888 3243 3936 cor-

2115 4052 2183 4119 in
2215 4052 2515 4130 corporis
2531 4052 2763 4117 habitu
2780 3979 3244 4132 consumpifg

2013 4164 2173 4210 nem
2220 4134 2717 4228 consequuntur
2748 4133 2968 4217 febres
3006 4130 3200 4208 Caufi
3221 4185 3246 4221 ,

2006 4230 2330 4322 Hesticae-
2451 4284 2453 4289 ⁴
2554 4284 2561 4292 .
2974 4283 2982 4286 ,
3158 4248 3229 4311 13

3111 4406 3245 4484 Seri
