3593 5087
815 433 892 519 'A
986 437 1670 520 PROLUVIE
1766 437 2267 519 SEROSA.
2531 449 2681 539 285

429 565 604 647 baud
626 574 894 648 dubium
919 577 1000 669 est
1024 582 1185 646 certe.3
1224 600 1331 645 eas
1350 596 1570 668 partes
1604 580 1684 645 ab
1726 572 2101 645 humoribus
2137 577 2169 641 ε’
2196 573 2404 667 capite
2433 576 2688 647 τίκτων.
2722 612 2775 656 1„
2805 608 3035 661 dotorum

428 677 715 747 bentibus
731 677 973 772 suique
999 678 1189 767 copid
1214 678 1623 768 implentibus
1652 675 1919 757 distendi
1948 680 2347 770 convellique
2358 673 2524 769 poffi
2543 680 2686 751 vio-
2710 671 3034 782 ξξξξῗοζξζο,

429 779 672 861 lenter,
699 777 817 868 sed
852 778 1145 844 maxime'
1174 772 1508 865 nervosum
1544 801 1770 867 genus.
2707 786 2815 886 tum!
2890 800 3036 842 senu-

532 872 808 944 Etenim
860 871 1128 945 dolores
1176 870 1501 971 propositi
1546 871 1937 944 abdominis
1973 873 2220 970 partim
2255 869 2552 945 febribus
2585 873 2684 946 su-
2707 857 3040 972 ζῗῗεῖἶῗιῖιπξ

433 973 839 1071 perveniunt
867 1024 891 1059 ,
932 996 1228 1068 quarum
1286 973 1477 1045 focus
1505 975 1575 1044 in
1596 971 1929 1043 viscerum
1964 974 2400 1069 partiumque
2425 975 2685 1045 vicina·
2715 974 2764 1002 ¹¹³
2786 959 3042 1007 mmm*

2718 1021 2872 1075 ssuini·
2888 1021 3043 1065 fervo-

428 1095 588 1142 rum
635 1068 802 1143 vasis
862 1073 1119 1158 -haeret,
1160 1096 1455 1169 quaeque
1519 1069 1734 1144 febres
1777 1072 2189 1149 mutationes
2219 1071 2691 1183 tempestatum
2725 1078 3044 1181 '3353ss

428 1170 595 1238 anni
645 1168 1012 1267 sequuntur
1043 1224 1067 1259 ,
1111 1197 1226 1270 per
1268 1195 1440 1266 quas
1484 1170 1703 1243 serum
1731 1172 1804 1241 in
1849 1165 2064 1250 massa
2095 1169 2446 1269 sanguinis
2471 1173 2685 1245 fervo·
2739 1194 2837 1238 iens
2879 1225 2933 1260 ,‚
2973 1194 3043 1239 f·-

428 1293 576 1340 rem
604 1272 965 1371 concipere
994 1269 1212 1369 potest
1238 1294 1375 1340 non
1415 1271 1610 1342 aliter
1652 1295 1862 1364 atque
1909 1293 2130 1364 aquea
2172 1294 2324 1367 pars
2350 1273 2491 1343 vini
2524 1250 3046 1354 levi-'ssffissss‘ffiss

431 1388 529 1438 ter
550 1365 842 1441 ebullire
870 1422 891 1455 ,
946 1375 1017 1443 &
1068 1370 1234 1439 alias
1282 1369 1383 1440 hae
1437 1366 1649 1440 febres
1685 1368 1932 1440 sudore
1969 1367 2245 1467 copioso
2286 1368 2393 1441 vel
2468 1370 2693 1441 tofusa
2721 1367 3049 1473 ‘2¹13'ssssqu

425 1466 943 1566 haemorrhagia
988 1465 1388 1555 solvuntur,
1432 1492 1550 1540 aut
1600 1490 2109 1539 commutantur
2159 1492 2318 1539 cum
2346 1396 2697 1542 aflPeE’tibus
2725 1496 2824 1531 m·

431 1567 682 1664 capitis
716 1564 1125 1664 gravissimis
1168 1565 1456 1665 paralysi
1487 1620 1511 1655 ,
1549 1564 1869 1666 epilepsia
1895 1619 1918 1654 ‚
1969 1567 2286 1666 lethargo
2341 1571 2702 1668 apoplexia

427 1668 545 1739 vel
595 1662 1054 1764 fimplicibuS,
1117 1668 1225 1738 vel
1274 1667 1501 1739 mixtis
1539 1671 1609 1739 &
1655 1667 2081 1766 complicatis
2128 1671 2272 1757 ejus
2304 1671 2574 1766 generis
2604 1671 2707 1742 af-

423 1762 730 1838 fechbus
756 1818 779 1852 ,
827 1791 904 1837 ut
927 1765 1086 1837 ante
1113 1767 1343 1838 multis
1372 1768 1848 1865 axperimentis
1874 1765 1968 1838 est
1999 1764 2425 1839 declaratum
2454 1822 2478 1857 ,
2532 1796 2704 1867 quo-

426 1890 594 1938 rum
636 1861 1005 1938 affeRuum
1056 1866 1296 1964 capitis
1346 1866 1623 1938 causam
1680 1864 2105 1961 frequentem
2149 1862 2279 1938 effe
2313 1866 2603 1940 fetosam
2632 1874 2705 1942 in

430 1989 520 2037 eo
565 1964 944 2037 colluviem
1003 1961 1455 2063 superioribus
1493 1963 1587 2036 est
1639 1961 2221 2036 observationibus
2280 1964 2708 2040 demonstra·
2788 1990 2794 1994 ·

427 2089 588 2137 tum
617 2116 642 2150 ,
703 2065 953 2161 partim
999 2087 1231 2134 autem
1282 2062 1495 2135 iidem
1545 2062 1816 2134 dolores
1871 2062 2193 2158 sequntur
2238 2061 2484 2134 subitas
2512 2073 2578 2139 ὃ(
2609 2070 2713 2137 in·-

429 2161 675 2261 signes
712 2186 1099 2261 temporum
1146 2163 1561 2233 mutationes
1592 2213 1616 2248 ,
1685 2159 1803 2233 sed·
1841 2186 1951 2233 eas
1980 2214 2003 2248 ‚
2058 2157 2307 2255 quibus
2366 2163 2582 2234 serum
2633 2193 2713 2239 ex

438 2262 695 2333 habitu
722 2258 1088 2330 introrsum
1116 2265 1185 2333 &
1209 2259 1570 2330 confertim
1623 2257 1934 2330 detrudit
1962 2258 2380 2332 consueverit
2412 2313 2435 2347 ,
2490 2267 2643 2352 cuju
2656 2267 2711 2334 s-

416 2359 645 2432 ·modi
673 2356 821 2432 sunt
838 2358 1235 2456 Aquiloniae
1261 2355 1602 2430 Austrinae
1629 2356 2057 2430 succedentes
2098 2364 2170 2431 ὅ(
2201 2358 2365 2432 verb
2405 2361 2528 2432 hos
2577 2362 2712 2435 do-

431 2462 626 2532 lores
661 2460 870 2531 urinae
896 2459 1187 2559 copiosae
1211 2456 1538 2556 quidem,
1581 2455 1698 2529 sed
1747 2482 1988 2531 tenues
2039 2462 2110 2532 &
2160 2483 2397 2556 aqueae
2441 2463 2720 2561 prorsus

412 2558 575 2635 -srve
606 2560 998 2660 praecedunt
1021 2611 1043 2644 ,
1090 2556 1219 2632 five
1254 2560 1687 2630 comitantur.

466 2712 469 2713 ν
537 2659 644 2731 Ex
694 2658 940 2754 quibus
965 2656 1339 2731 verosimile
1378 2658 1474 2732 est
1514 2655 1821 2758 profeffl')
1874 2655 2148 2731 dolores
2205 2659 2490 2754 quidem
2514 2716 2537 2750 ,
2579 2670 2703 2761 qui

418 2783 610 2849 cnm
662 2758 846 2830 febre
896 2757 1020 2830 sint
1061 2759 1465 2847 conjuncti,
1518 2755 1863 2844 suboriri,
1912 2760 2079 2853 quia
2126 2757 2320 2851 quod
2373 2760 2592 2831 serum
2631 2767 2704 2836 vi

435 2858 700 2930 caloris
734 2856 985 2929 febrilis
1026 2880 1146 2926 aut
1190 2857 1417 2927 vitalis
1452 2855 1567 2926 sed
1610 2853 1697 2924 ab
1729 2879 2006 2927 externo
2032 2852 2164 2926 five
2206 2852 2546 2927 ambiente
2590 2883 2711 2957 per

437 2957 912 3030 mutationem
959 2950 1458 3025 constitutionis
1499 2957 1640 3044 ejus
1689 2956 2022 3025 commoti
2062 2950 2491 3050 suscitatique
2524 2955 2717 3030 ebul-

436 3060 626 3129 liens
658 3054 777 3128 sub
829 3053 1090 3128 sudoris
1119 3051 1341 3124 forma
1368 3106 1397 3141 ‚
1438 3053 1546 3125 vel
1582 3054 1790 3124 utinae
1821 3051 2081 3125 affatim
2112 3077 2515 3153 erupturum
2531 3081 2714 3147 erat,
2806 3092 2968 3140 gem„
3017 3093 3072 3142 tn

439 3158 529 3230 id
568 3158 643 3229 in
677 3179 887 3256 caput
936 3153 1194 3225 elatum
1252 3178 1372 3253 per
1422 3150 1579 3224 vasa
1627 3150 1971 3250 soporaria
1995 3205 2021 3238 ‚
2064 3179 2144 3224 ex
2189 3177 2426 3226 eorum
2468 3154 2714 3230 finibus
2744 3168 2874 3211 ‘⁸⁹⁰‘
2917 3150 3068 3197 ‘⁰⁵¹¹‘

2743 3225 2842 3256 tum
2864 3241 2880 3263 ,
2934 3211 3069 3256 inde·

439 3258 767 3330 extremis
819 3251 1121 3326 exundat
1166 3258 1235 3326 &
1279 3249 1648 3324 effervescit
1676 3250 1933 3349 partim
1961 3251 2245 3345 quidem
2287 3256 2709 3346 extrorsum,
2740 3283 2831 3327 que
2915 3268 3080 3326 ponem

552 3356 713 3427 rtim
752 3352 1134 3426 introrsum.
1179 3350 1289 3423 Ac
1315 3348 1689 3422 extrorsum
1732 3348 2024 3444 quidem
2074 3348 2445 3427 secuudum
2495 3382 2704 3427 mem-
2738 3324 3072 3445 ζῖᾞῖοἰιὶ

439 3383 709 3526 ἕξεως
749 3477 866 3523 aut
915 3451 1088 3523 inter
1123 3475 1238 3522 eas
1285 3446 1570 3521 effusum
1628 3450 1829 3520 irruit
1867 3449 2270 3548 impetitque
2312 3455 2420 3524 vel
2466 3457 2714 3551 princi-
2744 3443 2958 3491 “⁰¹sm·

442 3556 661 3656 pium
732 3575 1104 3625 nervorum
1148 3548 1424 3651 spinalis
1477 3549 1849 3636 medullae,
1918 3551 2025 3622 vel
2093 3552 2510 3649 principium
2558 3552 2720 3627 sexti

444 3651 820 3752 septimive
839 3650 1154 3749 parium,
1199 3675 1417 3745 atquex
1436 3650 1836 3722 alterutrum
1856 3651 2094 3749 implet
2115 3647 2580 3747 distenditque
2601 3680 2720 3726 co·-

446 3756 585 3856 piz‘i
609 3804 633 3839 ,
690 3755 761 3824 &
789 3749 1052 3822 fervore
1072 3803 1097 3837 ,
1148 3755 1217 3824 &
1240 3748 1471 3822 secuma
1483 3774 1643 3822 tumr
1657 3774 1901 3822 nervos
1929 3747 2343 3845 appendices
2371 3801 2394 3835 ,
2426 3775 2572 3822 tum
2600 3781 2717 3827 ve-

446 3853 555 3927 n>
587 3847 1016 3922 membranas
1043 3851 1288 3949 pariter
1309 3848 1600 3922 adnatas
1618 3902 1641 3937 ‚
1671 3873 1790 3920 aut
1809 3846 2070 3920 fervore
2104 3843 2409 3945 deposito
2447 3849 2720 3925 descen-

454 3953 636 4025 dens
664 3955 735 4023 δ’(
770 3948 1133 4022 decurrens
1162 3946 1401 4021 sistitur
1434 3950 1505 4018 in
1556 3945 1808 4018 lumbis
1834 4000 1858 4033 ,
1908 3970 2116 4041 atque
2165 3971 2403 4017 nervos
2431 3942 2721 4025 ‘inferio-
2815 3988 2816 3991 ¹

453 4054 562 4125 ris
602 4048 740 4120 alvi
772 4099 795 4133 ,
841 4054 912 4121 &
950 4048 1260 4119 maxime
1312 4047 1656 4142 originem
1713 4045 2091 4135 mesenterii
2128 4051 2198 4119 ὃς
2232 4046 2562 4144 peritonei
2596 4044 2725 4153 op-

452 4149 661 4251 plens
697 4168 1019 4246 corrugat
1060 4144 1533 4246 contrahitque
1546 4194 1583 4239 „
1619 4148 1689 4225 ὅς
1722 4143 1951 4223 secum
1963 4146 2230 4224 revellit
2272 4144 2750 4251 dishahitquee
