3593 5087
896 417 1042 513 478
1744 409 2328 489 FEBRES

529 565 714 611 dantem
751 598 768 621 ,
791 567 858 635 ,ει
902 564 1124 610 tonum
1151 560 1284 610 toto
1324 542 1527 611 morbi
1572 540 1897 635 progreffii
1929 593 1951 628 ‚
2001 547 2104 614 vet
2139 540 2466 637 (equaliter
2499 534 2810 630 increfirat
2840 535 2910 611 ό»
2944 542 3155 614 inem-³

527 624 858 731 ς’,ἱῗζζῑᾝὼ
903 644 1136 724 datur,
1179 666 1298 709 aut
1326 643 1550 710 contra
1600 647 1933 736 <equaliter
1973 643 2281 731 decrescat
2304 640 2509 709 eundo
2537 692 2559 726 ‚
2591 644 2981 710 continentes
3008 696 3031 728 ‚
3052 645 3157 712 in·

904 766 1096 836 quam
1128 792 1152 825 ,
1183 740 1327 827 stre
1383 742 1705 832 eplzemerae
1751 743 2050 833 plurium
2105 744 2354 810 dierum
2399 742 2564 826 idem.
2603 737 2966 833 subjeblum
3014 766 3160 810 cum

901 843 1074 914 veris
1119 839 1449 932 ephemeris
1481 841 1708 910 hahent
1724 838 2015 932 serofiam
2030 838 2365 910 humorem
2400 841 2469 908 In
2499 837 2671 928 vasis
2702 843 3101 909 ebullientem
3136 891 3161 922 ,

886 937 1004 1027 sed
1042 941 1257 1032 magis
1283 941 1741 1010 redundantem
1782 937 1856 1008 ό·
1890 938 2314 1012 vehementiz'es
2347 937 2701 1027 ferventem
2731 990 2754 1022 ‚
2799 942 3013 1032 itaque
3069 966 3171 1006 re-

898 1042 1150 1133 liquam
1176 1036 1544 1132 sanguinis
1573 1038 1984 1131 maſjamstbi
2018 1036 2355 1130 confusam
2398 1041 2618 1130 magis
2645 1034 2720 1108 ό·
2754 1039 3169 1131 pertinaciics

896 1136 1376 1219 calefacientem
1386 1137 1714 1233 fimulque
1739 1162 1945 1214 totum
1972 1141 2265 1230 corporis
2294 1137 2605 1207 habitum.

532 1235 858 1350 wfflgffffffi·
915 1313 924 1318 ,
969 1236 1101 1318 ‚Cu
1109 1242 1211 1325 jus
1234 1235 1560 1318 <10erae
1588 1262 1993 1336 argumenta
2025 1240 2162 1334 peti
2193 1232 2462 1335 poffunt
2485 1262 2634 1307 tum
2659 1235 2922 1329 e'stgnie
2951 1241 3165 1308 omnis

540 1363 580 1416 ι,
605 1326 855 1410 sgna'pe·
895 1342 1147 1427 generis
1181 1389 1203 1423 ‚
1264 1333 1337 1406 ό·
1366 1361 1544 1406 motu
1572 1342 1813 1408 caloris
1838 1390 1862 1422 ,
1908 1361 2046 1407 tum
2091 1341 2234 1406 vero'
2244 1335 2610 1426 solutionis
2625 1334 2861 1429 specie.
2894 1335 3170 1430 Etenim

533 1409 859 1466 ‘mmmm’
897 1432 942 1510 fi
967 1434 1179 1529 figna
1224 1441 1254 1503 ἑ
1301 1436 1510 1519 caufis
1555 1442 1761 1530 perita
1814 1435 2059 1516 intueri
2090 1437 2309 1533 placet
2335 1488 2358 1521 ,
2409 1434 2622 1505 causae
2657 1435 2836 1506 certe
2890 1434 3171 1528 synochi

896 1534 1211 1632 imputris
1241 1535 1499 1607 eaedem
1533 1537 1680 1607 sunt
1728 1561 1882 1631 quae
1928 1536 2166 1606 diariae
2192 1589 2214 1621 ,
2248 1533 2360 1606 sed
2411 1530 2814 1605 adtuofiores
2854 1531 2984 1607 slve
3019 1531 3173 1604 effi·

897 1639 1195 1713 caciores
1229 1687 1251 1719 ,
1303 1658 1376 1706 ut
1413 1664 1474 1708 v.
1508 1660 1577 1733 g.
1619 1633 1911 1707 densitas
1948 1631 2224 1733 insignis
2256 1636 2430 1705 cutis
2451 1684 2474 1719 ‚
2510 1659 2722 1728 quam
2761 1633 2984 1731 pariat
3011 1633 3171 1704 obs-

896 1733 1145 1805 trustio
1197 1758 1524 1829 potorum
1590 1736 1730 1830 qua
1774 1735 2204 1807 vehementer
2253 1733 2535 1831 impaffl
2608 1730 2730 1803 fint
2791 1734 3107 1804 humores
3145 1787 3171 1819 ,

899 1831 1248 1904 &inferat
1295 1833 1608 1930 plethlora
1665 1835 1771 1912 vel
1819 1836 2031 1908 etiam
2076 1832 2451 1932 polysarcia
2482 1885 2504 1919 ‚
2583 1838 2652 1905 δ(
2705 1830 2871 1904 vero
2926 1856 3168 1903 omnes

898 1930 1112 2002 causae
1174 1930 1401 2001 seroste
1446 1929 1814 2031 pleonexiae
1861 1931 1990 2004 sive
2035 1933 2433 2032 generantes
2482 1955 2556 2001 ut
2590 1929 2805 2005 vietus
2844 1930 3110 2030 plenior
3143 1985 3168 2017 ,

900 2033 972 2101 &
1004 2028 1354 2101 humidior
1372 2085 1395 2116 ,
1423 2056 1630 2128 atque
1658 2031 1888 2102 calida
1924 2029 2313 2102 admodum
2339 2029 2667 2101 viscerum
2695 2032 3121 2126 intemperies
3141 2083 3165 2118 ,

899 2124 1031 2202 sive
1061 2130 1460 2226 colligentes
1494 2184 1516 2218 ,
1572 2156 1642 2201 ut
1663 2133 1888 2228 longa
1915 2130 2214 2202 consueti
2249 2130 2548 2201 exercitii
2576 2130 2971 2199 intermistio
2995 2182 3018 2215 ,
3049 2153 3168 2203 aut

897 2227 1260 2330 suppressio
1305 2231 1731 2304 vacuationis
1763 2230 2097 2303 solemnis
2150 2228 2339 2301 Nam
2380 2227 2466 2300 ab
2517 2228 2618 2299 his
2647 2224 2858 2298 causis
2907 2253 3166 2324 aqueus

903 2327 1150 2399 humor
1200 2325 1571 2427 suppressus
1621 2328 1923 2426 ideoque
1949 2328 2341 2400 redundans
2377 2326 2470 2398 est
2504 2325 2884 2414 subjeetum
2920 2328 3117 2398 febris
3139 2380 3165 2414 ,

901 2424 1022 2496 sed
1048 2423 1331 2499 effluxus
1365 2429 1629 2500 calidus
1667 2426 1871 2502 ficcus
1906 2427 2000 2500 est
2099 2428 2462 2527 rincipium
2493 2430 2562 2498 δε
2588 2423 2849 2497 occasio
2885 2426 3162 2498 fervoris

905 2523 975 2593 in
1011 2550 1235 2618 aqueo
1286 2551 1524 2621 praeter
1574 2552 1843 2599 caeteras
1880 2456 2115 2599 causis
2173 2551 2483 2601 externas
2515 2530 2585 2599 &
2629 2523 3013 2613 evidentes,
3071 2524 3159 2597 de

908 2620 1154 2716 quibus
1183 2625 1252 2691 in
1292 2625 1673 2720 ephemera.

538 2743 871 2801 ιιοωειιοιί,
1008 2720 1174 2808 Jam
1207 2721 1463 2794 veroin
1493 2721 1786 2815 synocho
1812 2731 1996 2795 calor
2028 2721 2325 2795 similiter
2355 2750 2564 2822 atque
2601 2727 2672 2794 in
2711 2724 2937 2797 diariis
2964 2722 3153 2795 blan-

909 2820 1038 2893 dus
1088 2827 1157 2893 &
1199 2820 1483 2893 minim'e
1516 2820 1833 2894 mordens
1871 2822 1985 2895 sed
2048 2828 2272 2912 major
2324 2849 2554 2895 tamen
2590 2832 2658 2899 ὃς
2704 2822 2905 2923 paulo
2958 2824 3158 2896 vehe-

909 2923 1201 2991 mentior
1232 2974 1256 3008 ,
1314 2920 1541 3020 pulsus
1585 2923 1836 3019 pariter
1866 2924 2105 3020 magni
2138 2975 2157 3004 ,
2220 2923 2466 3001 celeres
2499 2975 2521 3009 ‚
2574 2923 2790 2996 crebri
2845 2948 2924 2993 ac
2961 2923 3162 2993 vehe-

907 3043 1162 3091 mentes
1188 3071 1212 3103 ,
1267 3017 1381 3092 sed
1414 3022 1597 3116 pleni
1641 3047 1866 3097 tamen
1905 3028 1973 3097 &
2019 3022 2259 3092 molles
2285 3076 2308 3108 ‚
2355 3017 2791 3119 similiterque
2818 3023 3159 3120 respiratio

907 3117 1128 3216 pulsui
1161 3118 1566 3217 respondens
1602 3117 1719 3190 etsi
1746 3120 2065 3193 videntur
2103 3119 2563 3203 indifferentia
2595 3119 2786 3221 ligna
2814 3174 2836 3208 ‚
2891 3128 2962 3194 δε
3026 3145 3155 3192 non

904 3216 1079 3289 forte
1128 3217 1479 3317 expreffihs
1525 3219 1817 3291 serosum
1879 3221 2238 3291 humorem
2282 3222 2493 3316 quam
2533 3220 2937 3319 sanguinem
2974 3221 3154 3289 inca-

908 3316 1150 3389 lescere
1187 3320 1646 3404 convincunt,
1703 3345 1934 3391 tamen
1985 3343 2183 3419 typus
2236 3326 2305 3392 &
2358 3344 2583 3390 motus
2619 3320 2864 3391 caloris
2892 3373 2915 3406 ,
2951 3320 3152 3389 urinae

908 3442 1116 3512 atque
1157 3442 1393 3489 caetera
1444 3417 1793 3495 assidentia
1839 3416 2029 3517 figna
2087 3415 2280 3492 serosl
2338 3418 2640 3490 humoris
2689 3419 2917 3518 potius
2956 3419 3167 3515 qu'am

907 3516 1255 3611 sanguinis
1291 3513 1490 3615 ipfius
1541 3516 1788 3587 fervori
1816 3519 2231 3590 attestantur.

1011 3616 1198 3686 Nam
1254 3615 1503 3687 setosus
1545 3615 1790 3685 humor
1836 3619 2054 3688 tenuis
2112 3644 2192 3687 ex
2249 3619 2310 3690 se
2366 3621 2513 3704 jam,
2554 3617 2710 3689 astu
2762 3616 3169 3688 incalescens

910 3711 1120 3810 longe
1153 3713 1412 3789 facilius
1454 3722 1521 3787 ὅ(
1558 3715 1751 3785 citius
1804 3713 2145 3786 summum
2196 3716 2532 3794 fervorem
2584 3715 2803 3787 subito
2854 3721 2928 3788 &
2978 3714 3169 3789 brevi

912 3835 1216 3907 tempore
1241 3816 1592 3911 concipere
1627 3816 1838 3910 quam
1867 3814 2209 3912 sanguinis
2244 3814 2454 3893 vinosi
2502 3811 2710 3886 massa
2745 3842 2824 3887 ex
2864 3814 2925 3884 se
2954 3802 3163 3888 craffa

915 3908 983 3980 ὃς
1029 3909 1287 4005 frigida
1342 3911 1560 4011 potest
1592 3961 1617 3993 ,
1666 3913 1888 4008 qualis
1932 3914 2151 3987 fervor
2202 3916 2273 3986 in
2344 3913 2640 3988 febribus
2711 3913 3042 4008 synochiis
3083 3917 3163 3989 ὃς

913 4008 1415 4113 paracmasticis
1477 4036 1824 4095 cernitur,
1881 4013 1953 4081 in
2006 4012 2253 4109 quibus
2300 4017 2485 4085 calor
2537 4012 2763 4085 statim
2815 4014 3163 4086 summum

915 4126 1225 4203 vigorem
1250 4113 1579 4212 attingit3
1628 4108 2066 4214 similiterque
2115 4112 2336 4195 serum
2373 4138 2779 4220 conceptum
2821 4113 3175 4195 fervorem
