3593 5087
859 377 1014 456 ‘AB
1113 368 1604 454 ELuvrss
1706 367 2208 451 SERoSA.
2565 372 2676 469 ετ

412 543 680 595 nantem
733 520 1067 595 discutere
1135 528 1206 595 ὅ(
1247 519 1574 593 resolvere
1630 513 1943 619 poffunt:
1998 514 2297 587 viderint
2336 510 2674 611 sapiente&

407 623 656 694 medici
692 678 714 710 ,
778 622 997 694 modo
1035 620 1296 718 eligant
1321 644 1473 715 quae
1502 619 1749 692 viscera
1779 625 1849 692 ὅ(
1884 616 2285 712 sanguinem
2311 638 2453 684 non
2491 611 2669 682 cale-

386 722 679 796 saciant.
738 722 901 795 Huc
970 720 1266 816 denique
1333 721 1622 818 pertinet
1666 718 2056 790 exercitatio
2108 715 2407 814 corporis
2458 710 2662 781 mane
2727 731 2774 774 6.
2808 728 3021 798 nee-00.

404 821 573 899 inita
603 875 626 908 ,
674 824 1044 914 jejunoque
1072 819 1421 890 stomacho
1471 820 1541 889 in
1591 820 1747 890 loco
1802 816 2173 912 tranquillo
2239 822 2308 889 &
2347 811 2658 911 quotidie
2693 802 3026 915 ἶζῖζῖῗήῗῖὀω

407 924 710 1020 repetita.
762 919 979 993 Porro
1033 917 1228 1016 quod
1279 920 1370 992 ad
1432 917 1910 990 discuffionem
1947 915 2197 1016 spectat
2249 913 2547 987 materiae
2592 915 2662 982 in
2692 903 3029 1010 ἓζξῗξὲοζξζζ

405 1021 609 1090 oculo
648 1043 983 1092 contentae
1024 1028 1094 1094 &
1127 1021 1465 1118 prim'ariae
1504 1020 1719 1091 causae
1747 1071 1766 1101 ,
1795 1018 1839 1109 (
1863 1015 2198 1112 siquidem
2227 1021 2365 1107 jam
2391 1014 2662 1086 deriva-
2696 1025 2738 1071 ¹0
2798 1037 3024 1126 (οἰκ-Μ

402 1118 605 1189 tionis
652 1117 740 1189 ab
783 1115 999 1192 oculis
1049 1121 1187 1218 spes
1237 1121 1459 1190 omnis
1497 1119 1987 1203 decollaverit,
2049 1124 2119 1190 &
2165 1118 2238 1185 in
2291 1143 2448 1187 eum
2485 1112 2663 1185 subs-
2695 1097 2854 1144 ‘’¹⁰⁶⁸'‘
2887 1096 3001 1140 ‘'⁸‘'

400 1222 632 1289 tantiae
698 1218 990 1291 modum
1063 1221 1308 1290 humor
1369 1219 1837 1304 concreverit,
1892 1215 2088 1312 quod
2139 1217 2362 1286 minus
2422 1237 2666 1313 optan-

401 1315 576 1389 dum
606 1371 629 1406 ‚
684 1321 808 1414 qui
874 1315 1304 1392 retroceffum
1332 1321 1403 1387 in
1448 1318 1603 1389 vasa
1637 1341 1757 1389 aut
1800 1341 2037 1390 nervos
2082 1342 2220 1387 non
2270 1314 2670 1416 permittat)

400 1418 586 1489 certe
642 1416 1024 1490 discuffioni
1083 1424 1226 1509 ejus
1278 1415 1817 1488 incumbendum
1853 1469 1876 1502 ‚
1947 1441 2160 1512 quam
2227 1442 2363 1488 non
2414 1416 2670 1504 injuria

394 1540 560 1588 cum
586 1516 1075 1614 Sapientffmis
1112 1519 1397 1592 Medicis
1433 1517 1790 1588 metuerim
1822 1542 1956 1586 non
1997 1515 2210 1588 solum
2242 1570 2265 1605 ‚
2321 1519 2486 1615 quia
2509 1517 2670 1589 cum

398 1640 536 1688 non
571 1616 689 1688 nifi
742 1619 983 1712 calidis
1032 1619 1415 1691 admodum
1453 1616 1691 1717 perfici
1736 1614 1929 1716 poffit
1957 1671 1980 1704 ,
2027 1615 2114 1688 ab
2143 1644 2383 1689 eorum
2412 1617 2531 1689 usu
2558 1613 2664 1688 in-'

397 1712 779 1791 flammatio
802 1717 1000 1791 tabes
1040 1746 1123 1792 ue
1156 1721 1341 1791 oculi
1369 1721 1731 1804 imminet,
1775 1742 1991 1811 quam
2041 1717 2218 1788 cert'e
2272 1715 2663 1789 inflamma-

398 1816 664 1888 tionem
702 1744 1054 1891 succeffiffle
1076 1818 1330 1917 semper
1376 1818 1683 1917 comperi
1710 1870 1733 1904 ,
1778 1814 1893 1886 sed
1930 1815 2095 1910 quia
2145 1814 2388 1889 eadem
2431 1817 2661 1889 calida

390 1916 687 1987 nimiam
721 1918 1074 2016 spirituum
1109 1920 1508 1988 tenuitatem
1558 1922 1847 2004 μυωπίας
1898 1916 2354 1984 continentem
2388 1917 2660 1990 causam

396 2013 643 2086 fovere
666 2040 822 2085 nata
855 2017 1022 2088 sunt.
1040 2017 1141 2089 Ut
1170 2040 1395 2087 tamen
1422 2019 1836 2107 Magnorum
1858 2016 2178 2087 Virorum
2207 2017 2274 2083 ὅ(
2301 2014 2664 2111 praesertim
2702 2007 3023 2115 ,Jssffffi‘dffi‘sj

397 2112 742 2186 Ludovici
772 2118 1059 2189 Mercari
1085 2115 1489 2187 austoritate
1529 2114 1695 2186 dem
1739 2111 2012 2210 aliquid
2046 2165 2068 2200 ,
2114 2113 2449 2184 leviorum
2474 2112 2667 2187 usum
2705 2125 2971 2226 ‚effamur-m.
3004 2157 3023 2181 .

395 2212 894 2312 aliquantisper
965 2213 1377 2286 tentandum
1422 2209 1554 2285 effe
1601 2236 1756 2283 reor
1808 2265 1831 2300 ,
1900 2219 1970 2285 δε
2023 2209 2390 2311 praesertim
2429 2239 2665 2288 eorum
2704 2186 3020 2303 {issani-'¹3³¹‘

397 2337 564 2407 quae
596 2311 780 2383 intro
818 2314 1224 2414 usurpantur
1251 2366 1274 2399 ,
1324 2311 1454 2387 five
1496 2310 1935 2384 masticantur
1966 2367 1989 2399 ,
2036 2311 2167 2385 five
2193 2309 2493 2385 eduntur
2519 2368 2542 2402 ,
2592 2341 2668 2388 ut

395 2412 558 2483 sunt
598 2439 661 2483 v.
709 2438 778 2510 g.
796 2414 1385 2507 foeniculistmen,
1426 2411 1757 2506 euphrasia
1783 2464 1807 2499 ‚
1854 2408 1929 2482 ό
1962 2440 2236 2509 quorum
2265 2407 2666 2485 luculentam

376 2514 658 2611 sylvam
708 2519 1051 2587 Hollerius
1083 2563 1109 2593 ‚
1185 2516 1533 2588 Mercatus
1577 2566 1597 2602 ‚
1637 2510 1711 2583 ό·
1758 2516 1886 2582 alii
1909 2512 2319 2609 suggerunt:
2372 2514 2567 2611 quod
2612 2513 2661 2589 fi

398 2636 541 2685 non
568 2611 939 2686 successerit
964 2614 1155 2688 brevi
1194 2621 1263 2688 &
1303 2615 1585 2686 feliciter
1614 2665 1637 2699 ,
1699 2615 1886 2685 viam
1911 2617 2367 2702 contrariam,
2419 2617 2491 2688 id
2521 2615 2614 2688 est
2633 2662 2657 2705 ‚·
2698 2619 3016 2725 ‘velbtnmt-

401 2713 896 2786 maturandam
952 2709 1419 2797 incrass‘atione
1495 2710 1926 2785 suffusionem
2003 2715 2289 2801 censeo,
2343 2730 2496 2811 quae
2545 2718 2676 2788 via*
2718 2694 2811 2727 ’ω
2843 2694 2915 2725 '⁸⁸'

400 2813 539 2883 una
568 2836 849 2909 quoque
895 2814 1252 2913 spirituum
1282 2813 1597 2883 tenuitati
1636 2813 2225 2885 accommodatior
2268 2814 2495 2887 futura
2545 2814 2661 2887 est.

401 2907 645 3006 Atque
666 2911 806 2982 haec
836 2912 924 2983 de
953 2914 1197 2982 natura
1245 2910 1561 2997 affec‘tuS,
1597 2916 1667 2984 &
1724 2912 2044 2984 remediis
2092 2936 2311 3012 pauca
2335 2968 2357 3000 ,
2397 2916 2661 3002 judicio

400 3008 925 3104 Clariffi'morum
978 3011 1388 3083 Medicorum
1434 3010 1557 3102 qui
1607 3010 2010 3106 Nobilzffi‘mo
2071 3033 2311 3104 aegroto
2364 3010 2657 3107 adsunt,

404 3104 599 3178 facio
635 3106 871 3179 lubens
897 3162 920 3195 ,
974 3133 1330 3205 voveoque
1391 3107 1619 3178 eidem
1665 3110 2017 3182 meliorem
2054 3110 2521 3186 valetudinem
2576 3142 2679 3187 ex·

394 3208 642 3277 animo
667 3260 690 3294 ,
738 3214 808 3281 &
848 3210 998 3307 pari
1045 3233 1202 3280 cum
1253 3209 1609 3281 voluntate
1650 3208 1826 3278 hanc
1864 3213 2306 3307 paucularum
2333 3214 2659 3286 horarum

398 3304 950 3382 lucubrationem
1008 3308 1169 3381 dico
1207 3365 1228 3397 ‚
1270 3309 1541 3381 dedico,

422 3460 435 3469 ἱ
512 3410 819 3482 Caeterum
843 3416 1102 3479 notabis
1125 3463 1148 3497 ‚
1192 3408 1421 3495 lnior,
1473 3406 1956 3505 Nobiliſjfmum
1999 3409 2242 3482 Virum
2273 3405 2660 3503 convaluiffi
2694 3418 3016 3524 ‘anthim-⁴

398 3503 665 3601 quidem
693 3517 783 3581 ab>
807 3512 1021 3578 oculis
1061 3513 1287 3581 divino
1324 3509 1622 3601 beneficio
1653 3532 1994 3606 antequam
2016 3541 2127 3604 per
2154 3516 2408 3582 itineris
2439 3520 2655 3601 longc-

400 3606 697 3677 tudinem
727 3608 1021 3701 reſjoonsa
1066 3614 1337 3703 accipere
1371 3613 1649 3705 potuerit
1681 3664 1701 3697 ,
1745 3638 1857 3706 ope
1886 3610 2143 3700 scilicet
2176 3615 2657 3680 medicamento·

308 3744 315 3749 ·
398 3731 550 3774 rum
603 3733 800 3802 caput
847 3710 888 3778 a
920 3708 1149 3801 setosa
1193 3715 1473 3783 colluvie
1520 3712 1979 3783 liberantium:
2019 3734 2171 3777 ”eam
2220 3732 2428 3777 autem
2457 3707 2657 3804 fuiffi
2718 3720 3013 3825 'Mugfigceq-

392 3809 917 3900 muntficemiam
953 3812 1094 3902 ejus
1119 3862 1136 3895 ,
1170 3834 1243 3883 ur
1273 3835 1363 3880 tet·
1390 3836 1635 3882 centu-m
1678 3815 1906 3882 taleris
1944 3810 2390 3898 imperialibus
2432 3822 2651 3883 volun·
2694 3791 3012 3897 {iz-mugil:

2695 3913 2770 3943 <0⁸
2862 3905 3014 3945 ‘Uen'

398 3926 598 3975 tatem
630 3913 949 4003 egregiam
952 3911 1086 4004 fix
1125 3914 1462 3984 duntaxat
1506 3916 1926 3986 Medicorum
1947 3959 1968 3991 ,
2003 3904 2285 4001 quistve
2326 3912 2395 3978 in
2444 3918 2663 3994 turha,
2692 3954 2837 4018 plum.

375 4004 790 4099 ssveseorfim
816 4064 837 4096 ‚
878 4014 948 4084 in
998 4039 1271 4110 quorum
1322 4042 1439 4113 ego
1508 4036 1776 4086 numero
1800 4059 1827 4099 ,
1879 4011 2330 4108 responderunt
2357 4012 2607 4111 quoesteo
2635 4060 2660 4104 ,

400 4107 844 4205 compensarit.
2125 4207 2166 4286 Ι

2214 4229 2262 4286 2
