<?xml version="1.0" encoding="UTF-8"?>
<!DOCTYPE html PUBLIC "-//W3C//DTD XHTML 1.0 Transitional//EN"
    "http://www.w3.org/TR/xhtml1/DTD/xhtml1-transitional.dtd">
<html xmlns="http://www.w3.org/1999/xhtml" xml:lang="en" lang="en">
 <head>
  <title>
</title>
<meta http-equiv="Content-Type" content="text/html;charset=utf-8" />
  <meta name='ocr-system' content='tesseract 3.04.00' />
  <meta name='ocr-capabilities' content='ocr_page ocr_carea ocr_par ocr_line ocrx_word'/>
</head>
<body>
  <div class='ocr_page' id='page_1' title='image "./carolipisonisse00poisgoog_0409.png"; bbox 0 0 3593 5087; ppageno 0'>
   <div class='ocr_carea' id='block_1_1' title="bbox 416 533 3097 4122">
    <p class='ocr_par' dir='ltr' id='par_1_1' title="bbox 439 533 2718 636">
     <span class='ocr_line' id='line_1_1' title="bbox 439 533 2718 636; baseline -0.004 -22"><span class='ocrx_word' id='word_1_1' title='bbox 439 533 795 616; x_wconf 69' lang='lat' dir='ltr'>&#39;defluxum</span> <span class='ocrx_word' id='word_1_2' title='bbox 823 594 846 628; x_wconf 85' lang='lat'>,</span> <span class='ocrx_word' id='word_1_3' title='bbox 904 546 976 616; x_wconf 72' lang='grc' dir='ltr'>δ(</span> <span class='ocrx_word' id='word_1_4' title='bbox 1026 540 1291 636; x_wconf 87' lang='lat' dir='ltr'>alioqui</span> <span class='ocrx_word' id='word_1_5' title='bbox 1352 540 1635 612; x_wconf 74' lang='lat' dir='ltr'>minime</span> <span class='ocrx_word' id='word_1_6' title='bbox 1691 537 2017 611; x_wconf 55' lang='lat' dir='ltr'>hactenus</span> <span class='ocrx_word' id='word_1_7' title='bbox 2060 537 2407 610; x_wconf 83' lang='lat' dir='ltr'>exitialem</span> <span class='ocrx_word' id='word_1_8' title='bbox 2445 558 2560 607; x_wconf 89' lang='lat' dir='ltr'>aut</span> <span class='ocrx_word' id='word_1_9' title='bbox 2594 560 2718 606; x_wconf 84' lang='lat' dir='ltr'>no·</span> 
     </span>
    </p>

    <p class='ocr_par' dir='ltr' id='par_1_2' title="bbox 441 633 2721 738">
     <span class='ocr_line' id='line_1_2' title="bbox 441 633 2721 738; baseline -0.004 -23"><span class='ocrx_word' id='word_1_10' title='bbox 441 644 630 715; x_wconf 80' lang='lat' dir='ltr'>xium</span> <span class='ocrx_word' id='word_1_11' title='bbox 660 672 674 712; x_wconf 78' lang='lat' dir='ltr'><strong><em>z</em></strong></span> <span class='ocrx_word' id='word_1_12' title='bbox 740 642 979 714; x_wconf 77' lang='lat' dir='ltr'>veritm</span> <span class='ocrx_word' id='word_1_13' title='bbox 1026 638 1071 710; x_wconf 78' lang='lat' dir='ltr'>st</span> <span class='ocrx_word' id='word_1_14' title='bbox 1100 641 1298 711; x_wconf 74' lang='lat' dir='ltr'>altius</span> <span class='ocrx_word' id='word_1_15' title='bbox 1338 639 1568 711; x_wconf 90' lang='lat' dir='ltr'>causas</span> <span class='ocrx_word' id='word_1_16' title='bbox 1600 663 1894 738; x_wconf 85' lang='lat' dir='ltr'>repetere</span> <span class='ocrx_word' id='word_1_17' title='bbox 1922 639 2144 738; x_wconf 90' lang='lat' dir='ltr'>placet</span> <span class='ocrx_word' id='word_1_18' title='bbox 2169 691 2192 725; x_wconf 91' lang='lat'>,</span> <span class='ocrx_word' id='word_1_19' title='bbox 2259 633 2462 707; x_wconf 77' lang='lat' dir='ltr'>facile</span> <span class='ocrx_word' id='word_1_20' title='bbox 2499 635 2721 706; x_wconf 90' lang='lat' dir='ltr'>omnis</span> 
     </span>
    </p>

    <p class='ocr_par' dir='ltr' id='par_1_3' title="bbox 435 735 3084 1128">
     <span class='ocr_line' id='line_1_3' title="bbox 442 735 3084 846; baseline -0.005 -33"><span class='ocrx_word' id='word_1_21' title='bbox 442 736 717 814; x_wconf 74' lang='lat' dir='ltr'>facesset</span> <span class='ocrx_word' id='word_1_22' title='bbox 765 738 1156 811; x_wconf 87' lang='lat' dir='ltr'>admiratio.</span> <span class='ocrx_word' id='word_1_23' title='bbox 1230 737 1543 812; x_wconf 71' lang='lat' dir='ltr'>Primum</span> <span class='ocrx_word' id='word_1_24' title='bbox 1599 745 1784 812; x_wconf 90' lang='lat' dir='ltr'>enim</span> <span class='ocrx_word' id='word_1_25' title='bbox 1856 736 2280 832; x_wconf 86' lang='lat' dir='ltr'>synathrismi</span> <span class='ocrx_word' id='word_1_26' title='bbox 2335 739 2480 824; x_wconf 86' lang='lat' dir='ltr'>ejus</span> <span class='ocrx_word' id='word_1_27' title='bbox 2530 735 2718 806; x_wconf 91' lang='lat' dir='ltr'>locus</span> <span class='ocrx_word' id='word_1_28' title='bbox 2752 738 3084 846; x_wconf 45' lang='lat' dir='ltr'>quflzocffie-</span> 
     </span>
     <span class='ocr_line' id='line_1_4' title="bbox 443 816 3049 927; baseline -0.003 -16"><span class='ocrx_word' id='word_1_29' title='bbox 443 839 893 911; x_wconf 87' lang='lat' dir='ltr'>constituatur</span> <span class='ocrx_word' id='word_1_30' title='bbox 921 891 942 927; x_wconf 86' lang='lat'><strong>,</strong></span> <span class='ocrx_word' id='word_1_31' title='bbox 997 864 1072 910; x_wconf 91' lang='lat' dir='ltr'>ut</span> <span class='ocrx_word' id='word_1_32' title='bbox 1118 838 1286 909; x_wconf 86' lang='lat' dir='ltr'>citra</span> <span class='ocrx_word' id='word_1_33' title='bbox 1321 839 1851 912; x_wconf 77' lang='lat' dir='ltr'>controversiam</span> <span class='ocrx_word' id='word_1_34' title='bbox 1881 835 2198 909; x_wconf 89' lang='lat' dir='ltr'>constitui</span> <span class='ocrx_word' id='word_1_35' title='bbox 2229 831 2432 907; x_wconf 89' lang='lat' dir='ltr'>debet</span> <span class='ocrx_word' id='word_1_36' title='bbox 2459 887 2482 921; x_wconf 89' lang='lat'>,</span> <span class='ocrx_word' id='word_1_37' title='bbox 2542 839 2728 908; x_wconf 77' lang='lat' dir='ltr'>cavi-</span> <span class='ocrx_word' id='word_1_38' title='bbox 2753 816 2892 849; x_wconf 70' lang='lat'>‘¹⁰⁰¹&#39;</span> <span class='ocrx_word' id='word_1_39' title='bbox 3035 827 3049 843; x_wconf 71' lang='lat'><strong>⁹</strong></span> 
     </span>
     <span class='ocr_line' id='line_1_5' title="bbox 436 933 2730 1034; baseline -0.003 -24"><span class='ocrx_word' id='word_1_40' title='bbox 436 961 550 1011; x_wconf 79' lang='lat' dir='ltr'>tas</span> <span class='ocrx_word' id='word_1_41' title='bbox 599 941 808 1008; x_wconf 77' lang='lat' dir='ltr'>media</span> <span class='ocrx_word' id='word_1_42' title='bbox 844 964 1209 1007; x_wconf 83' lang='lat' dir='ltr'>communes</span> <span class='ocrx_word' id='word_1_43' title='bbox 1241 942 1407 1008; x_wconf 82' lang='lat' dir='ltr'>inter</span> <span class='ocrx_word' id='word_1_44' title='bbox 1441 936 1514 1010; x_wconf 74' lang='grc' dir='ltr'>ό·</span> <span class='ocrx_word' id='word_1_45' title='bbox 1535 941 1846 1034; x_wconf 78' lang='lat' dir='ltr'>proprias</span> <span class='ocrx_word' id='word_1_46' title='bbox 1898 940 2149 1032; x_wconf 72' lang='lat' dir='ltr'>testium</span> <span class='ocrx_word' id='word_1_47' title='bbox 2184 940 2577 1005; x_wconf 75' lang='lat' dir='ltr'>membranas</span> <span class='ocrx_word' id='word_1_48' title='bbox 2582 933 2730 1023; x_wconf 72' lang='lat' dir='ltr'>five</span> 
     </span>
     <span class='ocr_line' id='line_1_6' title="bbox 435 1032 2731 1128; baseline -0.002 -18"><span class='ocrx_word' id='word_1_49' title='bbox 435 1041 789 1110; x_wconf 73' lang='lat' dir='ltr'>involucra</span> <span class='ocrx_word' id='word_1_50' title='bbox 825 1035 1149 1128; x_wconf 61' lang='lat' dir='ltr'>interjecla</span> <span class='ocrx_word' id='word_1_51' title='bbox 1186 1067 1200 1105; x_wconf 75' lang='grc' dir='ltr'><strong><em>ε</em></strong></span> <span class='ocrx_word' id='word_1_52' title='bbox 1254 1039 1402 1109; x_wconf 74' lang='lat' dir='ltr'>tum</span> <span class='ocrx_word' id='word_1_53' title='bbox 1452 1036 1616 1111; x_wconf 74' lang='lat' dir='ltr'>vero</span> <span class='ocrx_word' id='word_1_54' title='bbox 1663 1061 1927 1113; x_wconf 89' lang='lat' dir='ltr'>certum</span> <span class='ocrx_word' id='word_1_55' title='bbox 1971 1035 2067 1108; x_wconf 90' lang='lat' dir='ltr'>est</span> <span class='ocrx_word' id='word_1_56' title='bbox 2096 1032 2502 1107; x_wconf 87' lang='lat' dir='ltr'>decubitum</span> <span class='ocrx_word' id='word_1_57' title='bbox 2530 1034 2731 1106; x_wconf 89' lang='lat' dir='ltr'>illum</span> 
     </span>
    </p>

    <p class='ocr_par' dir='ltr' id='par_1_4' title="bbox 435 1132 2734 1334">
     <span class='ocr_line' id='line_1_7' title="bbox 438 1132 2733 1234; baseline 0 -26"><span class='ocrx_word' id='word_1_58' title='bbox 438 1135 748 1208; x_wconf 86' lang='lat' dir='ltr'>humoris</span> <span class='ocrx_word' id='word_1_59' title='bbox 787 1139 993 1232; x_wconf 85' lang='lat' dir='ltr'>aquei</span> <span class='ocrx_word' id='word_1_60' title='bbox 1031 1162 1114 1207; x_wconf 85' lang='lat' dir='ltr'>ex</span> <span class='ocrx_word' id='word_1_61' title='bbox 1167 1133 1541 1209; x_wconf 83' lang='lat' dir='ltr'>abdomine</span> <span class='ocrx_word' id='word_1_62' title='bbox 1593 1164 1718 1212; x_wconf 87' lang='lat' dir='ltr'>ceu</span> <span class='ocrx_word' id='word_1_63' title='bbox 1775 1160 1969 1234; x_wconf 84' lang='lat' dir='ltr'>parte</span> <span class='ocrx_word' id='word_1_64' title='bbox 2028 1133 2404 1205; x_wconf 85' lang='lat' dir='ltr'>mandante</span> <span class='ocrx_word' id='word_1_65' title='bbox 2453 1132 2601 1204; x_wconf 86' lang='lat' dir='ltr'>fieri</span> <span class='ocrx_word' id='word_1_66' title='bbox 2659 1139 2733 1209; x_wconf 75' lang='grc' dir='ltr'>δε</span> 
     </span>
     <span class='ocr_line' id='line_1_8' title="bbox 435 1230 2734 1334; baseline 0 -29"><span class='ocrx_word' id='word_1_67' title='bbox 435 1234 815 1308; x_wconf 71' lang='lat' dir='ltr'>secundum</span> <span class='ocrx_word' id='word_1_68' title='bbox 939 1235 1224 1306; x_wconf 89' lang='lat' dir='ltr'>eritonei</span> <span class='ocrx_word' id='word_1_69' title='bbox 1292 1233 1668 1334; x_wconf 86' lang='lat' dir='ltr'>apophysin</span> <span class='ocrx_word' id='word_1_70' title='bbox 1724 1266 1740 1306; x_wconf 71' lang='grc' dir='ltr'><strong>ε</strong></span> <span class='ocrx_word' id='word_1_71' title='bbox 1815 1235 1935 1305; x_wconf 68' lang='lat' dir='ltr'>sua</span> <span class='ocrx_word' id='word_1_72' title='bbox 2002 1258 2327 1328; x_wconf 51' lang='lat' dir='ltr'>namque¹</span> <span class='ocrx_word' id='word_1_73' title='bbox 2362 1230 2595 1330; x_wconf 82' lang='lat' dir='ltr'>sponte</span> <span class='ocrx_word' id='word_1_74' title='bbox 2651 1260 2734 1305; x_wconf 86' lang='lat' dir='ltr'>ex</span> 
     </span>
    </p>

    <p class='ocr_par' dir='ltr' id='par_1_5' title="bbox 433 1263 2734 1432">
     <span class='ocr_line' id='line_1_9' title="bbox 433 1263 2734 1432; baseline -0.002 -25"><span class='ocrx_word' id='word_1_75' title='bbox 433 1321 585 1407; x_wconf 82' lang='lat' dir='ltr'>alto</span> <span class='ocrx_word' id='word_1_76' title='bbox 644 1336 718 1404; x_wconf 91' lang='lat' dir='ltr'>in</span> <span class='ocrx_word' id='word_1_77' title='bbox 764 1263 1029 1409; x_wconf 65' lang='lat' dir='ltr'>deciive</span> <span class='ocrx_word' id='word_1_78' title='bbox 1084 1332 1259 1405; x_wconf 90' lang='lat' dir='ltr'>illud</span> <span class='ocrx_word' id='word_1_79' title='bbox 1303 1333 1520 1406; x_wconf 77' lang='lat' dir='ltr'>modo</span> <span class='ocrx_word' id='word_1_80' title='bbox 1593 1334 1860 1407; x_wconf 63' lang='lat' dir='ltr'>dictum</span> <span class='ocrx_word' id='word_1_81' title='bbox 1935 1359 2185 1408; x_wconf 89' lang='lat' dir='ltr'>cavum</span> <span class='ocrx_word' id='word_1_82' title='bbox 2244 1356 2538 1432; x_wconf 83' lang='lat' dir='ltr'>praeceps</span> <span class='ocrx_word' id='word_1_83' title='bbox 2596 1334 2734 1403; x_wconf 87' lang='lat' dir='ltr'>ruit</span> 
     </span>
    </p>

    <p class='ocr_par' dir='ltr' id='par_1_6' title="bbox 438 1433 1939 1516">
     <span class='ocr_line' id='line_1_10' title="bbox 438 1433 1939 1516; baseline -0.001 -9"><span class='ocrx_word' id='word_1_84' title='bbox 438 1433 725 1507; x_wconf 83' lang='lat' dir='ltr'>humor.</span> <span class='ocrx_word' id='word_1_85' title='bbox 1936 1515 1939 1516; x_wconf 12' lang='lat'><em>⁷</em></span> 
     </span>
    </p>

    <p class='ocr_par' dir='ltr' id='par_1_7' title="bbox 425 1528 2742 2231">
     <span class='ocr_line' id='line_1_11' title="bbox 523 1528 2734 1633; baseline -0.001 -28"><span class='ocrx_word' id='word_1_86' title='bbox 523 1532 764 1616; x_wconf 51' lang='lat' dir='ltr'>,Unde</span> <span class='ocrx_word' id='word_1_87' title='bbox 798 1557 1029 1606; x_wconf 90' lang='lat' dir='ltr'>autem</span> <span class='ocrx_word' id='word_1_88' title='bbox 1077 1534 1147 1603; x_wconf 77' lang='lat' dir='ltr'>in</span> <span class='ocrx_word' id='word_1_89' title='bbox 1185 1532 1645 1633; x_wconf 85' lang='lat' dir='ltr'>capacitatem</span> <span class='ocrx_word' id='word_1_90' title='bbox 1701 1531 2096 1607; x_wconf 86' lang='lat' dir='ltr'>abdominis</span> <span class='ocrx_word' id='word_1_91' title='bbox 2158 1528 2587 1621; x_wconf 87' lang='lat' dir='ltr'>descendat(</span> <span class='ocrx_word' id='word_1_92' title='bbox 2612 1556 2734 1610; x_wconf 82' lang='lat' dir='ltr'>nec</span> 
     </span>
     <span class='ocr_line' id='line_1_12' title="bbox 443 1630 2734 1732; baseline -0 -27"><span class='ocrx_word' id='word_1_93' title='bbox 443 1633 636 1705; x_wconf 86' lang='lat' dir='ltr'>enim</span> <span class='ocrx_word' id='word_1_94' title='bbox 669 1636 987 1732; x_wconf 88' lang='lat' dir='ltr'>generari</span> <span class='ocrx_word' id='word_1_95' title='bbox 1013 1634 1156 1702; x_wconf 90' lang='lat' dir='ltr'>illic</span> <span class='ocrx_word' id='word_1_96' title='bbox 1201 1631 1330 1705; x_wconf 83' lang='lat' dir='ltr'>sive</span> <span class='ocrx_word' id='word_1_97' title='bbox 1372 1635 1443 1704; x_wconf 88' lang='lat' dir='ltr'>in</span> <span class='ocrx_word' id='word_1_98' title='bbox 1508 1634 1629 1705; x_wconf 90' lang='lat' dir='ltr'>illo</span> <span class='ocrx_word' id='word_1_99' title='bbox 1663 1661 1888 1708; x_wconf 89' lang='lat' dir='ltr'>vacuo</span> <span class='ocrx_word' id='word_1_100' title='bbox 1927 1630 2258 1706; x_wconf 87' lang='lat' dir='ltr'>credibile</span> <span class='ocrx_word' id='word_1_101' title='bbox 2315 1630 2478 1725; x_wconf 80' lang='lat' dir='ltr'>est)</span> <span class='ocrx_word' id='word_1_102' title='bbox 2528 1630 2734 1704; x_wconf 74' lang='lat' dir='ltr'>facil’e</span> 
     </span>
     <span class='ocr_line' id='line_1_13' title="bbox 425 1729 2738 1830; baseline -0.001 -25"><span class='ocrx_word' id='word_1_103' title='bbox 425 1734 572 1805; x_wconf 77' lang='lat' dir='ltr'>erit</span> <span class='ocrx_word' id='word_1_104' title='bbox 605 1732 952 1805; x_wconf 67' lang='lat' dir='ltr'>intelle&amp;u</span> <span class='ocrx_word' id='word_1_105' title='bbox 989 1785 1014 1819; x_wconf 90' lang='lat'><em>,</em></span> <span class='ocrx_word' id='word_1_106' title='bbox 1069 1730 1112 1802; x_wconf 86' lang='lat' dir='ltr'>fi</span> <span class='ocrx_word' id='word_1_107' title='bbox 1159 1735 1671 1806; x_wconf 86' lang='lat' dir='ltr'>meminerimus</span> <span class='ocrx_word' id='word_1_108' title='bbox 1698 1733 1894 1830; x_wconf 92' lang='lat' dir='ltr'>quod</span> <span class='ocrx_word' id='word_1_109' title='bbox 1932 1729 2394 1830; x_wconf 88' lang='lat' dir='ltr'>superioribus</span> <span class='ocrx_word' id='word_1_110' title='bbox 2421 1730 2738 1805; x_wconf 89' lang='lat' dir='ltr'>observa-</span> 
     </span>
     <span class='ocr_line' id='line_1_14' title="bbox 438 1829 2734 1928; baseline 0 -24"><span class='ocrx_word' id='word_1_111' title='bbox 438 1829 749 1905; x_wconf 80' lang='lat' dir='ltr'>tionibus</span> <span class='ocrx_word' id='word_1_112' title='bbox 794 1829 1100 1904; x_wconf 65' lang='lat' dir='ltr'>diffusius</span> <span class='ocrx_word' id='word_1_113' title='bbox 1138 1831 1233 1903; x_wconf 90' lang='lat' dir='ltr'>est</span> <span class='ocrx_word' id='word_1_114' title='bbox 1263 1832 1812 1906; x_wconf 88' lang='lat' dir='ltr'>demonstratum</span> <span class='ocrx_word' id='word_1_115' title='bbox 1835 1887 1858 1921; x_wconf 90' lang='lat'>,</span> <span class='ocrx_word' id='word_1_116' title='bbox 1923 1836 2064 1928; x_wconf 65' lang='lat' dir='ltr'>qua</span> <span class='ocrx_word' id='word_1_117' title='bbox 2119 1835 2381 1903; x_wconf 89' lang='lat' dir='ltr'>ratione</span> <span class='ocrx_word' id='word_1_118' title='bbox 2417 1838 2484 1905; x_wconf 73' lang='grc' dir='ltr'>ὅ(</span> <span class='ocrx_word' id='word_1_119' title='bbox 2516 1831 2734 1905; x_wconf 89' lang='lat' dir='ltr'>modo</span> 
     </span>
     <span class='ocr_line' id='line_1_15' title="bbox 436 1929 2736 2032; baseline -0 -28"><span class='ocrx_word' id='word_1_120' title='bbox 436 1930 480 2004; x_wconf 76' lang='grc' dir='ltr'>ὲ</span> <span class='ocrx_word' id='word_1_121' title='bbox 527 1929 893 2005; x_wconf 87' lang='lat' dir='ltr'>visceribus</span> <span class='ocrx_word' id='word_1_122' title='bbox 929 1932 1108 2003; x_wconf 77' lang='lat' dir='ltr'>male</span> <span class='ocrx_word' id='word_1_123' title='bbox 1166 1930 1418 2006; x_wconf 61' lang='lat' dir='ltr'>affeAEiis</span> <span class='ocrx_word' id='word_1_124' title='bbox 1449 1986 1472 2020; x_wconf 90' lang='lat'>,</span> <span class='ocrx_word' id='word_1_125' title='bbox 1530 1958 1737 2029; x_wconf 90' lang='lat' dir='ltr'>atque</span> <span class='ocrx_word' id='word_1_126' title='bbox 1796 1934 1981 2029; x_wconf 62' lang='lat' dir='ltr'>aquai</span> <span class='ocrx_word' id='word_1_127' title='bbox 2028 1929 2551 2032; x_wconf 83' lang='lat' dir='ltr'>praegnantibus</span> <span class='ocrx_word' id='word_1_128' title='bbox 2592 1932 2736 2031; x_wconf 86' lang='lat' dir='ltr'>ipsa</span> 
     </span>
     <span class='ocr_line' id='line_1_16' title="bbox 433 2028 2741 2131; baseline 0.001 -28"><span class='ocrx_word' id='word_1_129' title='bbox 433 2031 971 2128; x_wconf 48' lang='lat' dir='ltr'>aunevadere</span> <span class='ocrx_word' id='word_1_130' title='bbox 1010 2028 1245 2103; x_wconf 75' lang='lat' dir='ltr'>sensim</span> <span class='ocrx_word' id='word_1_131' title='bbox 1270 2053 1481 2129; x_wconf 91' lang='lat' dir='ltr'>queat</span> <span class='ocrx_word' id='word_1_132' title='bbox 1517 2033 1980 2131; x_wconf 84' lang='lat' dir='ltr'>parenchyma</span> <span class='ocrx_word' id='word_1_133' title='bbox 2022 2031 2391 2117; x_wconf 88' lang='lat' dir='ltr'>viscerum,</span> <span class='ocrx_word' id='word_1_134' title='bbox 2426 2032 2741 2126; x_wconf 87' lang='lat' dir='ltr'>interque</span> 
     </span>
     <span class='ocr_line' id='line_1_17' title="bbox 439 2128 2742 2231; baseline 0 -29"><span class='ocrx_word' id='word_1_135' title='bbox 439 2128 881 2202; x_wconf 88' lang='lat' dir='ltr'>membranas</span> <span class='ocrx_word' id='word_1_136' title='bbox 905 2156 1330 2229; x_wconf 85' lang='lat' dir='ltr'>magnorum</span> <span class='ocrx_word' id='word_1_137' title='bbox 1358 2132 1670 2204; x_wconf 86' lang='lat' dir='ltr'>vasorum</span> <span class='ocrx_word' id='word_1_138' title='bbox 1692 2159 1773 2203; x_wconf 87' lang='lat' dir='ltr'>ex</span> <span class='ocrx_word' id='word_1_139' title='bbox 1802 2136 1881 2204; x_wconf 87' lang='lat' dir='ltr'>iis</span> <span class='ocrx_word' id='word_1_140' title='bbox 1904 2134 2401 2231; x_wconf 87' lang='lat' dir='ltr'>emergentium</span> <span class='ocrx_word' id='word_1_141' title='bbox 2430 2129 2742 2228; x_wconf 85' lang='lat' dir='ltr'>gliscere,</span> 
     </span>
    </p>

    <p class='ocr_par' dir='ltr' id='par_1_8' title="bbox 427 2227 2743 2530">
     <span class='ocr_line' id='line_1_18' title="bbox 427 2227 2740 2330; baseline 0 -30"><span class='ocrx_word' id='word_1_142' title='bbox 427 2255 531 2316; x_wconf 40' lang='lat' dir='ltr'>,ac</span> <span class='ocrx_word' id='word_1_143' title='bbox 578 2227 864 2300; x_wconf 88' lang='lat' dir='ltr'>tandem</span> <span class='ocrx_word' id='word_1_144' title='bbox 908 2257 990 2302; x_wconf 85' lang='lat' dir='ltr'>ex</span> <span class='ocrx_word' id='word_1_145' title='bbox 1028 2255 1271 2301; x_wconf 91' lang='lat' dir='ltr'>eorum</span> <span class='ocrx_word' id='word_1_146' title='bbox 1321 2228 1566 2303; x_wconf 85' lang='lat' dir='ltr'>finibus</span> <span class='ocrx_word' id='word_1_147' title='bbox 1620 2234 1955 2330; x_wconf 85' lang='lat' dir='ltr'>percolari</span> <span class='ocrx_word' id='word_1_148' title='bbox 2001 2229 2484 2327; x_wconf 84' lang='lat' dir='ltr'>exundareque</span> <span class='ocrx_word' id='word_1_149' title='bbox 2522 2230 2593 2299; x_wconf 90' lang='lat' dir='ltr'>in</span> <span class='ocrx_word' id='word_1_150' title='bbox 2623 2229 2740 2301; x_wconf 90' lang='lat' dir='ltr'>ab·</span> 
     </span>
     <span class='ocr_line' id='line_1_19' title="bbox 444 2326 2743 2432; baseline 0.001 -33"><span class='ocrx_word' id='word_1_151' title='bbox 444 2328 710 2399; x_wconf 85' lang='lat' dir='ltr'>domen</span> <span class='ocrx_word' id='word_1_152' title='bbox 737 2380 762 2414; x_wconf 90' lang='lat'><em>,</em></span> <span class='ocrx_word' id='word_1_153' title='bbox 809 2327 1002 2423; x_wconf 90' lang='lat' dir='ltr'>quod</span> <span class='ocrx_word' id='word_1_154' title='bbox 1044 2355 1123 2400; x_wconf 86' lang='lat' dir='ltr'>ex</span> <span class='ocrx_word' id='word_1_155' title='bbox 1157 2334 1300 2419; x_wconf 88' lang='lat' dir='ltr'>ejus</span> <span class='ocrx_word' id='word_1_156' title='bbox 1339 2329 1747 2404; x_wconf 68' lang='lat' dir='ltr'>collefflone</span> <span class='ocrx_word' id='word_1_157' title='bbox 1800 2326 2157 2432; x_wconf 84' lang='lat' dir='ltr'>progreffu</span> <span class='ocrx_word' id='word_1_158' title='bbox 2201 2331 2524 2430; x_wconf 80' lang='lat' dir='ltr'>temporis</span> <span class='ocrx_word' id='word_1_159' title='bbox 2586 2332 2743 2401; x_wconf 86' lang='lat' dir='ltr'>uni-</span> 
     </span>
     <span class='ocr_line' id='line_1_20' title="bbox 442 2426 2531 2530; baseline -0 -28"><span class='ocrx_word' id='word_1_160' title='bbox 442 2426 717 2502; x_wconf 79' lang='lat' dir='ltr'>versum</span> <span class='ocrx_word' id='word_1_161' title='bbox 748 2427 1133 2499; x_wconf 86' lang='lat' dir='ltr'>intumescit</span> <span class='ocrx_word' id='word_1_162' title='bbox 1165 2480 1186 2515; x_wconf 86' lang='lat'><em>,</em></span> <span class='ocrx_word' id='word_1_163' title='bbox 1238 2432 1360 2525; x_wconf 89' lang='lat' dir='ltr'>qui</span> <span class='ocrx_word' id='word_1_164' title='bbox 1397 2455 1623 2500; x_wconf 88' lang='lat' dir='ltr'>tumor</span> <span class='ocrx_word' id='word_1_165' title='bbox 1654 2428 1958 2530; x_wconf 86' lang='lat' dir='ltr'>hydrops</span> <span class='ocrx_word' id='word_1_166' title='bbox 1994 2430 2230 2503; x_wconf 84' lang='lat' dir='ltr'>ascites</span> <span class='ocrx_word' id='word_1_167' title='bbox 2256 2430 2531 2502; x_wconf 89' lang='lat' dir='ltr'>dicitur.</span> 
     </span>
    </p>

    <p class='ocr_par' dir='ltr' id='par_1_9' title="bbox 416 2523 3097 4122">
     <span class='ocr_line' id='line_1_21' title="bbox 549 2523 2910 2630; baseline 0.001 -31"><span class='ocrx_word' id='word_1_168' title='bbox 549 2523 716 2614; x_wconf 58' lang='lat' dir='ltr'>Qua</span> <span class='ocrx_word' id='word_1_169' title='bbox 761 2526 1078 2607; x_wconf 61' lang='lat' dir='ltr'>dostrinfi</span> <span class='ocrx_word' id='word_1_170' title='bbox 1106 2527 1447 2630; x_wconf 70' lang='lat' dir='ltr'>supposita</span> <span class='ocrx_word' id='word_1_171' title='bbox 1502 2529 1674 2602; x_wconf 88' lang='lat' dir='ltr'>illud</span> <span class='ocrx_word' id='word_1_172' title='bbox 1727 2535 2010 2628; x_wconf 54' lang='lat' dir='ltr'>quoqu}</span> <span class='ocrx_word' id='word_1_173' title='bbox 2060 2557 2140 2603; x_wconf 86' lang='lat' dir='ltr'>ex</span> <span class='ocrx_word' id='word_1_174' title='bbox 2173 2530 2238 2601; x_wconf 87' lang='lat' dir='ltr'>se</span> <span class='ocrx_word' id='word_1_175' title='bbox 2267 2530 2543 2605; x_wconf 87' lang='lat' dir='ltr'>evidens</span> <span class='ocrx_word' id='word_1_176' title='bbox 2589 2528 2683 2603; x_wconf 87' lang='lat' dir='ltr'>est</span> <span class='ocrx_word' id='word_1_177' title='bbox 2711 2589 2733 2623; x_wconf 90' lang='lat'><em>,</em></span> <span class='ocrx_word' id='word_1_178' title='bbox 2766 2569 2910 2620; x_wconf 60' lang='lat' dir='ltr'>ems,</span> 
     </span>
     <span class='ocr_line' id='line_1_22' title="bbox 435 2623 3097 2738; baseline 0.004 -39"><span class='ocrx_word' id='word_1_179' title='bbox 435 2626 769 2729; x_wconf 74' lang='lat' dir='ltr'>perfacile</span> <span class='ocrx_word' id='word_1_180' title='bbox 813 2623 1009 2720; x_wconf 63' lang='lat' dir='ltr'>fuisse</span> <span class='ocrx_word' id='word_1_181' title='bbox 1039 2634 1109 2702; x_wconf 85' lang='lat'>&amp;</span> <span class='ocrx_word' id='word_1_182' title='bbox 1136 2632 1442 2727; x_wconf 90' lang='lat' dir='ltr'>proclive</span> <span class='ocrx_word' id='word_1_183' title='bbox 1488 2656 1744 2726; x_wconf 89' lang='lat' dir='ltr'>aquam</span> <span class='ocrx_word' id='word_1_184' title='bbox 1772 2630 1998 2703; x_wconf 89' lang='lat' dir='ltr'>statim</span> <span class='ocrx_word' id='word_1_185' title='bbox 2040 2632 2110 2702; x_wconf 89' lang='lat' dir='ltr'>in</span> <span class='ocrx_word' id='word_1_186' title='bbox 2143 2629 2490 2704; x_wconf 87' lang='lat' dir='ltr'>abdomen</span> <span class='ocrx_word' id='word_1_187' title='bbox 2526 2659 2736 2709; x_wconf 83' lang='lat' dir='ltr'>exun-</span> <span class='ocrx_word' id='word_1_188' title='bbox 2762 2631 3097 2738; x_wconf 44' lang='lat' dir='ltr'>reguilane:</span> 
     </span>
     <span class='ocr_line' id='line_1_23' title="bbox 442 2723 2934 2827; baseline 0.002 -27"><span class='ocrx_word' id='word_1_189' title='bbox 442 2728 736 2800; x_wconf 82' lang='lat' dir='ltr'>dantem</span> <span class='ocrx_word' id='word_1_190' title='bbox 772 2723 889 2799; x_wconf 85' lang='lat' dir='ltr'>fibi</span> <span class='ocrx_word' id='word_1_191' title='bbox 935 2752 1217 2823; x_wconf 89' lang='lat' dir='ltr'>quoque</span> <span class='ocrx_word' id='word_1_192' title='bbox 1273 2733 1462 2802; x_wconf 89' lang='lat' dir='ltr'>viam</span> <span class='ocrx_word' id='word_1_193' title='bbox 1513 2729 1719 2827; x_wconf 81' lang='lat' dir='ltr'>porro</span> <span class='ocrx_word' id='word_1_194' title='bbox 1766 2727 2033 2813; x_wconf 82' lang='lat' dir='ltr'>fecisse,</span> <span class='ocrx_word' id='word_1_195' title='bbox 2085 2731 2263 2800; x_wconf 75' lang='lat' dir='ltr'>certe</span> <span class='ocrx_word' id='word_1_196' title='bbox 2317 2730 2638 2803; x_wconf 78' lang='lat' dir='ltr'>invenisse</span> <span class='ocrx_word' id='word_1_197' title='bbox 2669 2737 2739 2805; x_wconf 88' lang='lat' dir='ltr'>in</span> <span class='ocrx_word' id='word_1_198' title='bbox 2771 2742 2934 2783; x_wconf 61' lang='grc' dir='ltr'>Μ’»</span> 
     </span>
     <span class='ocr_line' id='line_1_24' title="bbox 435 2820 2738 2924; baseline 0.001 -28"><span class='ocrx_word' id='word_1_199' title='bbox 435 2827 728 2901; x_wconf 86' lang='lat' dir='ltr'>homine</span> <span class='ocrx_word' id='word_1_200' title='bbox 780 2827 1145 2922; x_wconf 75' lang='lat' dir='ltr'>praesertim</span> <span class='ocrx_word' id='word_1_201' title='bbox 1174 2830 1526 2899; x_wconf 86' lang='lat' dir='ltr'>venationi</span> <span class='ocrx_word' id='word_1_202' title='bbox 1555 2827 2164 2919; x_wconf 83' lang='lat' dir='ltr'>exercitationique</span> <span class='ocrx_word' id='word_1_203' title='bbox 2195 2820 2497 2924; x_wconf 80' lang='lat' dir='ltr'>corporis</span> <span class='ocrx_word' id='word_1_204' title='bbox 2515 2834 2738 2904; x_wconf 86' lang='lat' dir='ltr'>omnis</span> 
     </span>
     <span class='ocr_line' id='line_1_25' title="bbox 446 2923 2738 3025; baseline 0.003 -32"><span class='ocrx_word' id='word_1_205' title='bbox 446 2924 730 3025; x_wconf 84' lang='lat' dir='ltr'>generis</span> <span class='ocrx_word' id='word_1_206' title='bbox 777 2946 925 2992; x_wconf 90' lang='lat' dir='ltr'>tum</span> <span class='ocrx_word' id='word_1_207' title='bbox 990 2923 1298 3010; x_wconf 90' lang='lat' dir='ltr'>intento,</span> <span class='ocrx_word' id='word_1_208' title='bbox 1349 2950 1469 3021; x_wconf 91' lang='lat' dir='ltr'>per</span> <span class='ocrx_word' id='word_1_209' title='bbox 1508 2925 1841 3022; x_wconf 90' lang='lat' dir='ltr'>peritonei</span> <span class='ocrx_word' id='word_1_210' title='bbox 1893 2924 2420 3025; x_wconf 64' lang='lat' dir='ltr'>produdffionem</span> <span class='ocrx_word' id='word_1_211' title='bbox 2477 2924 2669 2998; x_wconf 88' lang='lat' dir='ltr'>illam</span> <span class='ocrx_word' id='word_1_212' title='bbox 2710 2983 2738 3016; x_wconf 88' lang='lat'><em>,</em></span> 
     </span>
     <span class='ocr_line' id='line_1_26' title="bbox 451 3017 2737 3120; baseline 0.003 -27"><span class='ocrx_word' id='word_1_213' title='bbox 451 3043 616 3120; x_wconf 83' lang='lat' dir='ltr'>quae</span> <span class='ocrx_word' id='word_1_214' title='bbox 677 3022 860 3092; x_wconf 73' lang='lat' dir='ltr'>extra</span> <span class='ocrx_word' id='word_1_215' title='bbox 915 3017 1263 3093; x_wconf 86' lang='lat' dir='ltr'>abdomen</span> <span class='ocrx_word' id='word_1_216' title='bbox 1335 3024 1569 3095; x_wconf 88' lang='lat' dir='ltr'>delata</span> <span class='ocrx_word' id='word_1_217' title='bbox 1615 3021 1957 3098; x_wconf 85' lang='lat' dir='ltr'>testiculos</span> <span class='ocrx_word' id='word_1_218' title='bbox 2012 3023 2381 3096; x_wconf 67' lang='lat' dir='ltr'>secundum</span> <span class='ocrx_word' id='word_1_219' title='bbox 2418 3051 2737 3100; x_wconf 88' lang='lat' dir='ltr'>naturam</span> 
     </span>
     <span class='ocr_line' id='line_1_27' title="bbox 455 3116 2734 3222; baseline 0.003 -28"><span class='ocrx_word' id='word_1_220' title='bbox 455 3118 943 3195; x_wconf 86' lang='lat' dir='ltr'>circumvestit.</span> <span class='ocrx_word' id='word_1_221' title='bbox 986 3116 1225 3217; x_wconf 88' lang='lat' dir='ltr'>Quam</span> <span class='ocrx_word' id='word_1_222' title='bbox 1280 3121 1370 3197; x_wconf 96' lang='lat' dir='ltr'>ob</span> <span class='ocrx_word' id='word_1_223' title='bbox 1425 3122 1701 3195; x_wconf 91' lang='lat' dir='ltr'>causam</span> <span class='ocrx_word' id='word_1_224' title='bbox 1746 3125 1972 3222; x_wconf 69' lang='lat' dir='ltr'>potius</span> <span class='ocrx_word' id='word_1_225' title='bbox 2027 3124 2392 3219; x_wconf 87' lang='lat' dir='ltr'>hydrocele</span> <span class='ocrx_word' id='word_1_226' title='bbox 2447 3122 2579 3201; x_wconf 85' lang='lat' dir='ltr'>five</span> <span class='ocrx_word' id='word_1_227' title='bbox 2624 3153 2734 3201; x_wconf 88' lang='lat' dir='ltr'>tu-</span> 
     </span>
     <span class='ocr_line' id='line_1_28' title="bbox 441 3218 2731 3326; baseline 0.001 -31"><span class='ocrx_word' id='word_1_228' title='bbox 441 3246 606 3296; x_wconf 84' lang='lat' dir='ltr'>mor</span> <span class='ocrx_word' id='word_1_229' title='bbox 673 3218 968 3318; x_wconf 90' lang='lat' dir='ltr'>aquosus</span> <span class='ocrx_word' id='word_1_230' title='bbox 1009 3220 1210 3293; x_wconf 89' lang='lat' dir='ltr'>scroti</span> <span class='ocrx_word' id='word_1_231' title='bbox 1258 3220 1602 3320; x_wconf 59' lang='lat' dir='ltr'>exemplo*</span> <span class='ocrx_word' id='word_1_232' title='bbox 1653 3221 2089 3310; x_wconf 82' lang='lat' dir='ltr'>subsecutus,</span> <span class='ocrx_word' id='word_1_233' title='bbox 2145 3227 2356 3321; x_wconf 76' lang='lat' dir='ltr'>quam</span> <span class='ocrx_word' id='word_1_234' title='bbox 2425 3225 2731 3326; x_wconf 86' lang='lat' dir='ltr'>hydrops</span> 
     </span>
     <span class='ocr_line' id='line_1_29' title="bbox 444 3318 1724 3422; baseline 0.001 -28"><span class='ocrx_word' id='word_1_235' title='bbox 444 3321 578 3422; x_wconf 86' lang='lat' dir='ltr'>qui</span> <span class='ocrx_word' id='word_1_236' title='bbox 620 3319 707 3393; x_wconf 91' lang='lat' dir='ltr'>ab</span> <span class='ocrx_word' id='word_1_237' title='bbox 760 3320 944 3415; x_wconf 63' lang='lat' dir='ltr'>aqua</span> <span class='ocrx_word' id='word_1_238' title='bbox 977 3318 1325 3399; x_wconf 74' lang='lat' dir='ltr'>restitante</span> <span class='ocrx_word' id='word_1_239' title='bbox 1356 3321 1506 3394; x_wconf 88' lang='lat' dir='ltr'>fieri</span> <span class='ocrx_word' id='word_1_240' title='bbox 1536 3319 1724 3395; x_wconf 48' lang='lat' dir='ltr'>soleta</span> 
     </span>
     <span class='ocr_line' id='line_1_30' title="bbox 417 3417 3007 3525; baseline 0.001 -37"><span class='ocrx_word' id='word_1_241' title='bbox 417 3492 438 3505; x_wconf 28' lang='grc' dir='ltr'><strong><em>κ</em></strong></span> <span class='ocrx_word' id='word_1_242' title='bbox 556 3417 717 3516; x_wconf 87' lang='lat' dir='ltr'>Age</span> <span class='ocrx_word' id='word_1_243' title='bbox 758 3418 1120 3513; x_wconf 89' lang='lat' dir='ltr'>quodnam</span> <span class='ocrx_word' id='word_1_244' title='bbox 1159 3417 1378 3495; x_wconf 89' lang='lat' dir='ltr'>viscus</span> <span class='ocrx_word' id='word_1_245' title='bbox 1405 3417 1698 3497; x_wconf 86' lang='lat' dir='ltr'>incusari</span> <span class='ocrx_word' id='word_1_246' title='bbox 1736 3420 1954 3522; x_wconf 86' lang='lat' dir='ltr'>potest</span> <span class='ocrx_word' id='word_1_247' title='bbox 1984 3447 2316 3523; x_wconf 86' lang='lat' dir='ltr'>tanquam</span> <span class='ocrx_word' id='word_1_248' title='bbox 2362 3423 2727 3525; x_wconf 89' lang='lat' dir='ltr'>primarius</span> <span class='ocrx_word' id='word_1_249' title='bbox 2761 3455 3007 3512; x_wconf 64' lang='grc' dir='ltr'>προηκ.</span> 
     </span>
     <span class='ocr_line' id='line_1_31' title="bbox 442 3516 2936 3619; baseline 0.003 -29"><span class='ocrx_word' id='word_1_250' title='bbox 442 3516 606 3601; x_wconf 59' lang='lat' dir='ltr'>fons</span> <span class='ocrx_word' id='word_1_251' title='bbox 631 3570 654 3606; x_wconf 92' lang='lat'><em>‚</em></span> <span class='ocrx_word' id='word_1_252' title='bbox 709 3516 895 3589; x_wconf 92' lang='lat' dir='ltr'>unde</span> <span class='ocrx_word' id='word_1_253' title='bbox 928 3519 1240 3617; x_wconf 87' lang='lat' dir='ltr'>perennis</span> <span class='ocrx_word' id='word_1_254' title='bbox 1271 3519 1454 3592; x_wconf 86' lang='lat' dir='ltr'>illius</span> <span class='ocrx_word' id='word_1_255' title='bbox 1501 3543 1697 3615; x_wconf 82' lang='lat' dir='ltr'>aquae</span> <span class='ocrx_word' id='word_1_256' title='bbox 1742 3546 2025 3619; x_wconf 89' lang='lat' dir='ltr'>tamque</span> <span class='ocrx_word' id='word_1_257' title='bbox 2062 3526 2460 3595; x_wconf 89' lang='lat' dir='ltr'>continuata</span> <span class='ocrx_word' id='word_1_258' title='bbox 2505 3523 2725 3597; x_wconf 86' lang='lat' dir='ltr'>scatu-</span> <span class='ocrx_word' id='word_1_259' title='bbox 2767 3518 2936 3597; x_wconf 64' lang='grc' dir='ltr'>μἰυή»</span> 
     </span>
     <span class='ocr_line' id='line_1_32' title="bbox 421 3615 2931 3719; baseline 0.006 -31"><span class='ocrx_word' id='word_1_260' title='bbox 421 3618 614 3713; x_wconf 67' lang='lat' dir='ltr'>,rigo</span> <span class='ocrx_word' id='word_1_261' title='bbox 642 3622 713 3690; x_wconf 89' lang='lat'>&amp;</span> <span class='ocrx_word' id='word_1_262' title='bbox 742 3615 1062 3689; x_wconf 89' lang='lat' dir='ltr'>decursus</span> <span class='ocrx_word' id='word_1_263' title='bbox 1096 3619 1169 3689; x_wconf 89' lang='lat' dir='ltr'>in</span> <span class='ocrx_word' id='word_1_264' title='bbox 1197 3617 1540 3695; x_wconf 59' lang='lat' dir='ltr'>abdomen</span> <span class='ocrx_word' id='word_1_265' title='bbox 1574 3622 1876 3719; x_wconf 67' lang='lat' dir='ltr'>primum</span> <span class='ocrx_word' id='word_1_266' title='bbox 1917 3629 1986 3697; x_wconf 75' lang='grc' dir='ltr'>δε</span> <span class='ocrx_word' id='word_1_267' title='bbox 2016 3650 2098 3697; x_wconf 86' lang='lat' dir='ltr'>ex</span> <span class='ocrx_word' id='word_1_268' title='bbox 2118 3624 2255 3694; x_wconf 50' lang='lat' dir='ltr'>¹hoc</span> <span class='ocrx_word' id='word_1_269' title='bbox 2281 3623 2351 3692; x_wconf 89' lang='lat' dir='ltr'>in</span> <span class='ocrx_word' id='word_1_270' title='bbox 2380 3621 2728 3701; x_wconf 84' lang='lat' dir='ltr'>scrotum?</span> <span class='ocrx_word' id='word_1_271' title='bbox 2922 3630 2931 3641; x_wconf 65' lang='lat'><strong>‘</strong></span> 
     </span>
     <span class='ocr_line' id='line_1_33' title="bbox 433 3713 2729 3815; baseline 0.004 -25"><span class='ocrx_word' id='word_1_272' title='bbox 433 3715 660 3790; x_wconf 87' lang='lat' dir='ltr'>Clara</span> <span class='ocrx_word' id='word_1_273' title='bbox 695 3715 852 3789; x_wconf 71' lang='lat' dir='ltr'>sane</span> <span class='ocrx_word' id='word_1_274' title='bbox 907 3713 1054 3788; x_wconf 91' lang='lat' dir='ltr'>sunt</span> <span class='ocrx_word' id='word_1_275' title='bbox 1100 3743 1507 3815; x_wconf 85' lang='lat' dir='ltr'>argumenta</span> <span class='ocrx_word' id='word_1_276' title='bbox 1551 3721 1745 3795; x_wconf 87' lang='lat' dir='ltr'>lienis</span> <span class='ocrx_word' id='word_1_277' title='bbox 1788 3720 2049 3795; x_wconf 78' lang='lat' dir='ltr'>aestuosi</span> <span class='ocrx_word' id='word_1_278' title='bbox 2099 3720 2485 3796; x_wconf 88' lang='lat' dir='ltr'>admodum</span> <span class='ocrx_word' id='word_1_279' title='bbox 2536 3722 2729 3799; x_wconf 89' lang='lat' dir='ltr'>ideo-</span> 
     </span>
     <span class='ocr_line' id='line_1_34' title="bbox 416 3814 3095 3919; baseline 0.003 -30"><span class='ocrx_word' id='word_1_280' title='bbox 416 3840 589 3913; x_wconf 52' lang='lat' dir='ltr'>0que</span> <span class='ocrx_word' id='word_1_281' title='bbox 634 3817 1146 3915; x_wconf 82' lang='lat' dir='ltr'>intemperantis</span> <span class='ocrx_word' id='word_1_282' title='bbox 1192 3822 1265 3893; x_wconf 82' lang='lat' dir='ltr'>in&#39;</span> <span class='ocrx_word' id='word_1_283' title='bbox 1299 3820 1718 3896; x_wconf 82' lang='lat' dir='ltr'>attrahendo</span> <span class='ocrx_word' id='word_1_284' title='bbox 1777 3814 2319 3919; x_wconf 83' lang='lat' dir='ltr'>imbibendoque</span> <span class='ocrx_word' id='word_1_285' title='bbox 2365 3825 2557 3894; x_wconf 88' lang='lat' dir='ltr'>omni</span> <span class='ocrx_word' id='word_1_286' title='bbox 2589 3825 2727 3898; x_wconf 88' lang='lat' dir='ltr'>fere</span> <span class='ocrx_word' id='word_1_287' title='bbox 2826 3846 2931 3893; x_wconf 70' lang='lat' dir='ltr'>Pan</span> <span class='ocrx_word' id='word_1_288' title='bbox 2960 3858 3095 3896; x_wconf 63' lang='lat' dir='ltr'>mm</span> 
     </span>
     <span class='ocr_line' id='line_1_35' title="bbox 444 3903 2900 4024; baseline 0.006 -38"><span class='ocrx_word' id='word_1_289' title='bbox 444 3939 683 4008; x_wconf 73' lang='lat' dir='ltr'>nqueo</span> <span class='ocrx_word' id='word_1_290' title='bbox 718 3914 1007 3988; x_wconf 81' lang='lat' dir='ltr'>humore</span> <span class='ocrx_word' id='word_1_291' title='bbox 1043 3918 1165 4013; x_wconf 89' lang='lat' dir='ltr'>qui</span> <span class='ocrx_word' id='word_1_292' title='bbox 1212 3922 1283 3993; x_wconf 90' lang='lat' dir='ltr'>in</span> <span class='ocrx_word' id='word_1_293' title='bbox 1331 3919 1824 4015; x_wconf 89' lang='lat' dir='ltr'>quotidianum</span> <span class='ocrx_word' id='word_1_294' title='bbox 1858 3921 2051 3995; x_wconf 76' lang='lat' dir='ltr'>venit</span> <span class='ocrx_word' id='word_1_295' title='bbox 2071 3947 2311 4021; x_wconf 87' lang='lat' dir='ltr'>potum</span> <span class='ocrx_word' id='word_1_296' title='bbox 2339 3952 2354 3991; x_wconf 72' lang='grc' dir='ltr'><strong><em>ε</em></strong></span> <span class='ocrx_word' id='word_1_297' title='bbox 2389 3948 2550 3995; x_wconf 88' lang='lat' dir='ltr'>nam</span> <span class='ocrx_word' id='word_1_298' title='bbox 2581 3924 2735 4024; x_wconf 72' lang='lat' dir='ltr'>gra&#39;-</span> <span class='ocrx_word' id='word_1_299' title='bbox 2765 3903 2900 3951; x_wconf 62' lang='grc' dir='ltr'>ω’·</span> 
     </span>
     <span class='ocr_line' id='line_1_36' title="bbox 445 4012 2738 4122; baseline 0.007 -38"><span class='ocrx_word' id='word_1_300' title='bbox 445 4012 612 4085; x_wconf 77' lang='lat' dir='ltr'>cilis</span> <span class='ocrx_word' id='word_1_301' title='bbox 657 4013 925 4088; x_wconf 88' lang='lat' dir='ltr'>habitus</span> <span class='ocrx_word' id='word_1_302' title='bbox 950 4041 1031 4089; x_wconf 88' lang='lat' dir='ltr'>ac</span> <span class='ocrx_word' id='word_1_303' title='bbox 1079 4017 1303 4091; x_wconf 86' lang='lat' dir='ltr'>fuscus</span> <span class='ocrx_word' id='word_1_304' title='bbox 1334 4017 1747 4105; x_wconf 44' lang='lat' dir='ltr'>&amp;calidum</span> <span class='ocrx_word' id='word_1_305' title='bbox 1790 4023 2073 4120; x_wconf 87' lang='lat' dir='ltr'>nigrum</span> <span class='ocrx_word' id='word_1_306' title='bbox 2125 4023 2738 4122; x_wconf 86' lang='lat' dir='ltr'>capillamentum,</span> 
     </span>
    </p>
   </div>
   <div class='ocr_carea' id='block_1_2' title="bbox 441 4109 2730 4228">
    <p class='ocr_par' dir='ltr' id='par_1_10' title="bbox 441 4109 2730 4228">
     <span class='ocr_line' id='line_1_37' title="bbox 441 4109 2730 4228; baseline 0.008 -46"><span class='ocrx_word' id='word_1_307' title='bbox 441 4109 683 4193; x_wconf 61' lang='lat' dir='ltr'>vultus</span> <span class='ocrx_word' id='word_1_308' title='bbox 711 4109 989 4186; x_wconf 84' lang='lat' dir='ltr'>decolor</span> <span class='ocrx_word' id='word_1_309' title='bbox 1015 4165 1040 4206; x_wconf 92' lang='lat'><em>,</em></span> <span class='ocrx_word' id='word_1_310' title='bbox 1083 4114 1447 4221; x_wconf 74' lang='lat' dir='ltr'>propensio</span> <span class='ocrx_word' id='word_1_311' title='bbox 1488 4118 1565 4191; x_wconf 89' lang='lat' dir='ltr'>in</span> <span class='ocrx_word' id='word_1_312' title='bbox 1614 4116 1833 4199; x_wconf 83' lang='lat' dir='ltr'>febres</span> <span class='ocrx_word' id='word_1_313' title='bbox 1878 4147 1963 4197; x_wconf 84' lang='lat' dir='ltr'>ae</span> <span class='ocrx_word' id='word_1_314' title='bbox 2019 4145 2321 4207; x_wconf 79' lang='lat' dir='ltr'>tumores</span> <span class='ocrx_word' id='word_1_315' title='bbox 2346 4119 2581 4201; x_wconf 84' lang='lat' dir='ltr'>finistri</span> <span class='ocrx_word' id='word_1_316' title='bbox 2607 4126 2730 4228; x_wconf 64' lang='lat' dir='ltr'>hyr.</span> 
     </span>
    </p>
   </div>
  </div>
 </body>
</html>
