3593 5087
958 453 1118 548 900
1237 371 1649 529 Monssl
1723 442 2260 530 VENTMS‘
2313 442 3045 528 INFER'IORIS

967 568 1265 674 tegritati
1318 578 1659 651 restituere
1684 632 1707 666 ,
1740 580 1974 673 qualia
2011 577 2471 667 suntfo'menta
2501 581 2772 651 humida
2793 626 2832 666 4
2868 575 2940 648 ό·
2974 580 3045 645 in
3071 576 3238 669 pre*-

964 680 1092 746 mis
1116 676 1550 771 fimicupium
1574 732 1597 764 ‚
1655 681 1847 765 cujus
1884 679 2049 750 vim
2101 678 2258 750 raro
2302 679 2605 752 furstrari
2662 678 2813 753 vidi
2856 676 3234 777 praesertim

961 776 1034 847 in
1100 777 1488 874 nephriticis
1544 776 1922 849 doloribus,

658 901 897 960 σωρεία.
1061 873 1308 971 Neque
1360 874 1525 949 vero
1580 875 1674 947 est
1725 874 1922 971 quod-
1955 875 2326 970 quisquam
2353 876 2848 977 propositorum
2907 874 3240 946 dolorum

1015 1000 1313 1046 arentem
1364 974 1568 1047 bilem
1630 1001 1707 1045 ex
1754 977 1999 1074 hepate
2043 974 2213 1046 duas
2265 979 2454 1048 inter·
2485 977 2957 1050 intestinorum
3015 999 3227 1045 mem-

962 1000 1207 1147 branas
1254 1074 1400 1146 late·
1438 1074 1761 1160 effusam,
1793 1081 1862 1146 ὅ(
1909 1073 2407 1146 mordicantem
2438 1079 2692 1151 incuset
2719 1098 3105 1173 arguatque
3145 1098 3221 1145 ex

965 1199 1048 1246 eo
1075 1227 1098 1260 ‚
1154 1171 1347 1269 quod
1384 1199 1504 1244 aut
1538 1171 2049 1254 ‚adstricliffima
2095 1173 2284 1245 alvus
2321 1175 2454 1262 est,
2515 1201 2632 1249 aut
2679 1175 3091 1262 dejeRiones
3130 1175 3223 1243 ci·
3257 1187 3278 1205 ‘

965 1297 1179 1345 nereae
1229 1272 1338 1342 seu
1383 1276 1639 1344 caninae
1661 1325 1682 1359 ,
1727 1298 1880 1368 quae
1910 1269 2115 1341 ambo
2143 1274 2212 1341 in
2249 1272 2744 1362 deieffionibus
2771 1272 3222 1371 symptomata

650 1358 849 1410 ⁸⁰¹⁰⁶⁰'
960 1369 1570 1455 bilisbaversionem
1620 1369 1704 1442 ab
1735 1373 1909 1445 -alvo
1953 1371 2129 1441 certe
2177 1369 2515 1447 insinuant
2563 1406 2578 1444 :
2626 1399 2787 1444 nam
2820 1395 3216 1468 quanquam

957 1475 1085 1545 illa
1118 1470 1570 1570 symptomata
1618 1496 1755 1540 non
1788 1494 2135 1568 negamus
2179 1475 2542 1558 conjunRa
2588 1469 2718 1544 effe
2758 1498 2917 1543 cum
2964 1469 3218 1541 dolori-⁴

960 1571 1088 1645 bus
1117 1623 1140 1659 ‚
1197 1571 1285 1641 de
1330 1570 1577 1665 quibus
1607 1568 1891 1664 quaestio
1939 1563 2033 1639 est
2056 1621 2079 1654 ,
2114 1593 2339 1641 tamen
2390 1597 2719 1672 negamus
2767 1570 2933 1642 inde
2967 1567 3120 1639 bilis
3146 1571 3226 1641 in·

959 1669 1271 1745 intestina
1323 1663 1709 1740 effusionem
1759 1664 2125 1740 necessario
2180 1671 2537 1760 cencludi‚
2580 1673 2738 1743 cum
2773 1672 2891 1742 illa
2952 1670 3057 1742 vel
3102 1695 3218 1768 per

956 1763 1461 1843 convulsionem
1513 1765 1737 1840 vesicae
1786 1767 2133 1838 colidochi
2161 1822 2184 1855 ,
2214 1795 2287 1840 ut
2333 1775 2491 1845 ante
2521 1773 2861 1844 monitum
2887 1822 2910 1858 ‚
2947 1771 3217 1858 rejeste-

955 1893 1064 1940 tur
1114 1870 1183 1939 in
1229 1868 1675 1940 ventriculum
1709 1921 1730 1955 ,
1772 1894 1892 1939 aut
1925 1868 2129 1939 etiam
2180 1869 2250 1938 in
2289 1871 2446 1941 vasa
2498 1873 2636 1972 ipsa
2670 1924 2692 1958 ‚
2730 1870 2860 1940 hoc
2912 1867 3007 1940 est
3040 1920 3061 1954 ,
3108 1895 3216 1941 ve-

953 1967 1196 2040 nosum
1234 1992 1446 2066 genus
1480 2021 1503 2054 ‚
1550 1992 1624 2039 ut
1666 1968 1820 2038 satis
1859 1966 2121 2038 indicat
2167 1968 2365 2038 urina
2403 1972 2543 2070 ipsa
2574 1970 2711 2042 fere
2755 1966 3055 2069 impense
3098 1964 3216 2039 fla-

954 2094 1079 2143 va..
1118 2067 1399 2139 Certum
1458 2063 1553 2137 est
1615 2067 1798 2139 enim
1849 2069 1920 2136 in
1969 2067 2315 2164 sanguinis
2367 2074 2545 2140 circa
2603 2070 2812 2170 hepar
2873 2070 3127 2141 fervore
3174 2070 3216 2139 ὲ

951 2163 1399 2266 quacumque
1432 2165 1642 2237 causa
1676 2219 1698 2253 ,
1754 2173 1824 2241 ὅ(
1865 2192 1947 2236 eo
1994 2190 2132 2236 non
2188 2165 2404 2238 solum
2433 2215 2444 2224 ·
2471 2195 2732 2266 magno
2778 2168 3216 2263 confertoque

950 2268 1074 2364 qui
1124 2265 1376 2339 febrem
1434 2265 1804 2338 sensibilem
1853 2265 2095 2336 inserat
2124 2317 2146 2351 ‚
2178 2264 2290 2336 sed
2338 2271 2544 2340 etiam
2590 2274 2661 2339 in
2726 2268 2856 2341 levi
2895 2268 3027 2338 una
3065 2292 3218 2338 cum

950 2366 1097 2437 sero
1152 2364 1359 2437 bilem
1409 2366 1744 2464 praecipue
1796 2371 1866 2437 ὅ(
1909 2364 2064 2435 ante
2107 2365 2336 2435 omnia
2367 2368 2726 2442 fervescere
2751 2421 2774 2454 ‚
2800 2364 3222 2440 effervescen-

950 2488 1091 2536 tem
1139 2490 1369 2534 autem
1419 2466 1540 2534 suo
1595 2466 1878 2562 ingenio
1909 2463 2162 2534 sursum
2201 2464 2353 2535 ferri
2380 2521 2403 2555 ,
2458 2493 2599 2539 non
2632 2466 2985 2554 deorsum,
3027 2464 3220 2538 ideo·

951 2586 1090 2657 que
1141 2564 1365 2660 potius
1435 2565 1503 2632 in
1570 2563 2024 2635 ventriculum
2055 2617 2077 2651 ,
2139 2570 2210 2638 ὅ(
2248 2569 2541 2639 maxime
2596 2571 2664 2639 in
2716 2590 2917 2666 caput
2952 2568 3101 2666 rapi
3147 2572 3223 2641 δε

872 2668 877 2671 ’
951 2659 1361 2748 ascendere,
1412 2662 1621 2757 quam
1672 2660 1988 2732 intestina
2043 2662 2302 2735 inferne
2347 2664 2470 2737 fita?
2501 2666 2923 2740 descendere.
3181 2734 3228 2776 ,-

990 2816 993 2817 ⁷
1052 2760 1137 2831 Et
1183 2762 1627 2834 confirmatur
1673 2764 1839 2858 quia
1883 2758 2037 2832 bilis
2064 2765 2359 2834 tormina
2397 2767 2680 2861 quidem
2710 2768 2780 2835 in
2807 2766 2953 2865 ipso
2978 2765 3216 2838 decur-

949 2860 1022 2933 su
1090 2864 1179 2936 δι’
1214 2860 1529 2934 erofionis
1584 2862 1838 2959 sensum
1884 2862 2203 2949 inferret,
2255 2889 2393 2933 non
2445 2891 2672 2937 autem
2727 2866 3077 2938 revelleret
3115 2868 3217 2936 in-

951 2961 1244 3032 trorsum
1296 2961 1795 3057 retrorsumque
1828 2959 2138 3031 intestina
2178 2964 2399 3034 versus
2451 2964 2770 3057 lumbos„
2819 2963 3070 3060 quibus
3119 2965 3215 3035 as-

948 3058 1049 3151 sui
1095 3058 1284 3154 quasi
1326 3060 1598 3134 videtur
1629 3059 2035 3132 umbilicus:
2074 3086 2262 3131 tanta
2311 3061 2404 3132 est
2452 3070 2520 3137 &
2573 3091 2716 3135 tam
2749 3065 3106 3138 vehemens
3133 3091 3212 3136 ea

946 3156 1237 3231 revulfio
1286 3158 1394 3231 seu
1451 3158 1798 3234 convulsio
1856 3159 2035 3231 fad‘ta
2083 3161 2340 3259 quippe
2385 3163 2426 3233 a
2467 3163 2808 3264 principio
2851 3189 3212 3239 nervorum

944 3256 1017 3328 in
1061 3259 1124 3330 se
1183 3283 1301 3359 per
1354 3261 1495 3332 vim
1539 3259 1911 3332 contrasso.
2315 3322 2318 3325 ,

635 3392 906 3444 smmffl.
1044 3364 1207 3453 Quae
1267 3360 1411 3428 cum
1464 3360 1707 3449 itafint
1736 3414 1759 3449 ‚
1789 3373 1937 3453 jam
1972 3358 2143 3437 nihil
2199 3386 2387 3431 morae
2434 3364 2667 3460 ellcur
2692 3362 3208 3451 concludamus,

584 3449 782 3501 ’ΨΜ
943 3461 1194 3532 dolores
1214 3509 1237 3544 ‚
1264 3457 1304 3528 a*
1337 3464 1524 3530 nobis
1543 3460 1899 3553 propofitos
1929 3464 2377 3554 convuyorios
2399 3489 2617 3534 revera
2641 3462 2747 3557 ff
2768 3513 2794 3542 ,
2820 3463 2939 3533 hoc
2957 3466 3035 3557 est
3054 3489 3205 3533 com

940 3561 1284 3649 vufflonem
1324 3555 1622 3655 consequi
1643 3563 1939 3651 partium
1968 3562 2258 3629 omnium
2293 3563 2592 3646 Inferiore
2638 3587 2849 3636 ventre
2882 3585 3203 3632 contenta-

939 3686 1089 3730 rum
1112 3713 1133 3747 ,
1189 3684 1443 3754 eamque
1466 3655 1932 3749 consedaneam
1958 3662 2250 3728 violentae
2287 3662 2770 3757 corrugationis
2796 3662 3222 3752 divulsionis--

936 3785 1054 3852 que
1077 3762 1517 3854 propaginum
1540 3784 1882 3831 nervorum
1888 3754 2078 3849 fixii
2090 3758 2475 3857 septimique
2511 3766 2780 3858 parium
2807 3810 2836 3841 ‚
2894 3760 2969 3833 <⁵-
2990 3762 3210 3849 fimus

935 3865 1442 3957 memb-ranorum
1495 3861 1583 3929 ad
1630 3885 1739 3930 eas
1780 3882 1994 3954 partes
2035 3860 2452 3930 attinentium
2479 3910 2506 3942 ,
2560 3860 2828 3933 indue'lae
2846 3860 3107 3951 scilicet
3150 3862 3210 3931 α’·

932 3958 1214 4029 colluvie
1226 3959 1453 4052 Jerosd
1484 3966 1584 4030 νεὶ
1617 3962 1686 4028 in
1716 3960 1851 4053 ipso
1886 3960 2084 4054 capite
2116 3959 2331 4029 adhuc
2352 3964 2664 4032 ebuliente-
2685 4014 2708 4047 ‚
2742 3970 2845 4034 vel
2884 3989 2974 4030 ex
3006 3989 3072 4029 eo
3097 3983 3195 4028 to-

930 4075 1113 4149 noque
1160 4063 1452 4150 corporis
1483 4062 1707 4153 gabim
1760 4062 1834 4129 in
1873 4065 2125 4131 lumbos
2154 4061 2326 4155 ipsos
2351 4111 2377 4149 ,
2417 4084 2535 4131 aue
2575 4060 2732 4153 vasa
2780 4065 3037 4131 interna
3060 4112 3083 4147 ‚
3115 4053 3217 4127 όν

926 4153 1188 4234 tandem.
1215 4159 1287 4231 in
1323 4164 1777 4260 conceetacula
1801 4165 2003 4235 urina
2028 4162 2288 4264 affatim
2313 4158 2703 4263 exfrffs&
2726 4162 3014 4239 irruente
3037 4210 3065 4251 ,
3089 4183 3218 4256 με
