<?xml version="1.0" encoding="UTF-8"?>
<!DOCTYPE html PUBLIC "-//W3C//DTD XHTML 1.0 Transitional//EN"
    "http://www.w3.org/TR/xhtml1/DTD/xhtml1-transitional.dtd">
<html xmlns="http://www.w3.org/1999/xhtml" xml:lang="en" lang="en">
 <head>
  <title>
</title>
<meta http-equiv="Content-Type" content="text/html;charset=utf-8" />
  <meta name='ocr-system' content='tesseract 3.04.00' />
  <meta name='ocr-capabilities' content='ocr_page ocr_carea ocr_par ocr_line ocrx_word'/>
</head>
<body>
  <div class='ocr_page' id='page_1' title='image "./carolipisonisse00poisgoog_0413.png"; bbox 0 0 3593 5087; ppageno 0'>
   <div class='ocr_carea' id='block_1_1' title="bbox 846 373 2731 485">
    <p class='ocr_par' dir='ltr' id='par_1_1' title="bbox 846 373 2731 485">
     <span class='ocr_line' id='line_1_1' title="bbox 846 373 2731 485; baseline -0.005 -24"><span class='ocrx_word' id='word_1_1' title='bbox 846 381 1181 461; x_wconf 75' lang='lat' dir='ltr'><em>Monm</em></span> <span class='ocrx_word' id='word_1_2' title='bbox 1228 378 1434 459; x_wconf 72' lang='lat' dir='ltr'><em>Exr.</em></span> <span class='ocrx_word' id='word_1_3' title='bbox 1473 375 1698 458; x_wconf 78' lang='grc' dir='ltr'><strong>ΗΑΒ.</strong></span> <span class='ocrx_word' id='word_1_4' title='bbox 1745 373 2055 454; x_wconf 65' lang='lat' dir='ltr'><em>amn.</em></span> <span class='ocrx_word' id='word_1_5' title='bbox 2088 375 2279 457; x_wconf 65' lang='lat' dir='ltr'><em>sen.</em></span> <span class='ocrx_word' id='word_1_6' title='bbox 2336 379 2337 384; x_wconf 56' lang='lat'>‘</span> <span class='ocrx_word' id='word_1_7' title='bbox 2578 400 2731 485; x_wconf 79' lang='lat'><em>377</em></span> 
     </span>
    </p>
   </div>
   <div class='ocr_carea' id='block_1_2' title="bbox 381 508 3074 1794">
    <p class='ocr_par' dir='ltr' id='par_1_2' title="bbox 381 508 3074 1794">
     <span class='ocr_line' id='line_1_2' title="bbox 458 508 2725 601; baseline -0.001 -14"><span class='ocrx_word' id='word_1_8' title='bbox 458 508 534 587; x_wconf 72' lang='grc' dir='ltr'><strong><em>ό</em></strong></span> <span class='ocrx_word' id='word_1_9' title='bbox 574 513 788 584; x_wconf 90' lang='lat' dir='ltr'><em>eadem</em></span> <span class='ocrx_word' id='word_1_10' title='bbox 789 510 890 600; x_wconf 84' lang='lat' dir='ltr'><em>fit</em></span> <span class='ocrx_word' id='word_1_11' title='bbox 940 518 1021 581; x_wconf 82' lang='lat' dir='ltr'><em>ab</em></span> <span class='ocrx_word' id='word_1_12' title='bbox 1051 514 1350 581; x_wconf 83' lang='lat' dir='ltr'><em>omnibus</em></span> <span class='ocrx_word' id='word_1_13' title='bbox 1385 509 1742 601; x_wconf 86' lang='lat' dir='ltr'><em>constanter</em></span> <span class='ocrx_word' id='word_1_14' title='bbox 1792 531 2039 601; x_wconf 84' lang='lat' dir='ltr'><em>recepta</em></span> <span class='ocrx_word' id='word_1_15' title='bbox 2065 559 2089 595; x_wconf 86' lang='lat'>,</span> <span class='ocrx_word' id='word_1_16' title='bbox 2124 535 2257 580; x_wconf 88' lang='lat' dir='ltr'><em>non</em></span> <span class='ocrx_word' id='word_1_17' title='bbox 2286 534 2531 583; x_wconf 74' lang='lat' dir='ltr'><em>vanam</em></span> <span class='ocrx_word' id='word_1_18' title='bbox 2579 517 2725 584; x_wconf 78' lang='lat' dir='ltr'><em>inde</em></span> 
     </span>
     <span class='ocr_line' id='line_1_3' title="bbox 449 605 2726 706; baseline -0 -23"><span class='ocrx_word' id='word_1_19' title='bbox 449 615 726 706; x_wconf 70' lang='lat' dir='ltr'><em>propria</em></span> <span class='ocrx_word' id='word_1_20' title='bbox 779 613 1194 681; x_wconf 82' lang='lat' dir='ltr'><em>imbecillatis</em></span> <span class='ocrx_word' id='word_1_21' title='bbox 1242 605 1679 701; x_wconf 81' lang='lat' dir='ltr'><em>suspicionem</em></span> <span class='ocrx_word' id='word_1_22' title='bbox 1749 607 1970 698; x_wconf 75' lang='lat' dir='ltr'><em>injicit</em></span> <span class='ocrx_word' id='word_1_23' title='bbox 2002 660 2025 694; x_wconf 89' lang='lat'>,</span> <span class='ocrx_word' id='word_1_24' title='bbox 2082 611 2456 706; x_wconf 72' lang='lat' dir='ltr'><em>veniamque</em></span> <span class='ocrx_word' id='word_1_25' title='bbox 2519 614 2673 682; x_wconf 87' lang='lat' dir='ltr'><em>dare</em></span> <span class='ocrx_word' id='word_1_26' title='bbox 2699 663 2726 699; x_wconf 82' lang='lat'><em>,</em></span> 
     </span>
     <span class='ocr_line' id='line_1_4' title="bbox 453 707 2725 805; baseline -0.001 -23"><span class='ocrx_word' id='word_1_27' title='bbox 453 707 586 782; x_wconf 84' lang='lat' dir='ltr'><em>imo</em></span> <span class='ocrx_word' id='word_1_28' title='bbox 637 707 1049 804; x_wconf 81' lang='lat' dir='ltr'><em>ingeniosum</em></span> <span class='ocrx_word' id='word_1_29' title='bbox 1101 733 1396 805; x_wconf 79' lang='lat' dir='ltr'><em>quemque</em></span> <span class='ocrx_word' id='word_1_30' title='bbox 1444 709 1724 777; x_wconf 74' lang='lat' dir='ltr'><em>invitare</em></span> <span class='ocrx_word' id='word_1_31' title='bbox 1757 708 2010 779; x_wconf 74' lang='lat' dir='ltr'><em>videtur</em></span> <span class='ocrx_word' id='word_1_32' title='bbox 2042 710 2128 778; x_wconf 84' lang='lat' dir='ltr'><em>ad</em></span> <span class='ocrx_word' id='word_1_33' title='bbox 2170 733 2409 782; x_wconf 73' lang='lat' dir='ltr'><em>novam</em></span> <span class='ocrx_word' id='word_1_34' title='bbox 2436 707 2560 798; x_wconf 85' lang='lat' dir='ltr'><em>sed</em></span> <span class='ocrx_word' id='word_1_35' title='bbox 2596 737 2725 800; x_wconf 90' lang='lat' dir='ltr'><em>me-</em></span> 
     </span>
     <span class='ocr_line' id='line_1_5' title="bbox 454 804 2724 903; baseline -0 -24"><span class='ocrx_word' id='word_1_36' title='bbox 454 812 690 880; x_wconf 76' lang='lat' dir='ltr'><em>liorem</em></span> <span class='ocrx_word' id='word_1_37' title='bbox 716 807 792 879; x_wconf 71' lang='grc' dir='ltr'><em>ό·</em></span> <span class='ocrx_word' id='word_1_38' title='bbox 800 809 1170 901; x_wconf 85' lang='lat' dir='ltr'><em>firmiorem</em></span> <span class='ocrx_word' id='word_1_39' title='bbox 1195 805 1277 894; x_wconf 85' lang='lat' dir='ltr'><em>st</em></span> <span class='ocrx_word' id='word_1_40' title='bbox 1280 806 1446 898; x_wconf 85' lang='lat' dir='ltr'><em>fieri</em></span> <span class='ocrx_word' id='word_1_41' title='bbox 1462 804 1657 897; x_wconf 76' lang='lat' dir='ltr'><em>potest</em></span> <span class='ocrx_word' id='word_1_42' title='bbox 1681 804 2134 903; x_wconf 79' lang='lat' dir='ltr'><em>inquirendam</em></span> <span class='ocrx_word' id='word_1_43' title='bbox 2162 853 2191 886; x_wconf 88' lang='lat'><em>,</em></span> <span class='ocrx_word' id='word_1_44' title='bbox 2224 832 2425 901; x_wconf 83' lang='lat' dir='ltr'><em>operoe</em></span> <span class='ocrx_word' id='word_1_45' title='bbox 2445 812 2724 902; x_wconf 85' lang='lat' dir='ltr'><em>pretium</em></span> 
     </span>
     <span class='ocr_line' id='line_1_6' title="bbox 381 903 2722 1001; baseline -0 -24"><span class='ocrx_word' id='word_1_46' title='bbox 381 929 390 936; x_wconf 83' lang='grc'><em>·</em></span> <span class='ocrx_word' id='word_1_47' title='bbox 450 906 896 998; x_wconf 62' lang='grc' dir='ltr'><em>αείαᾶιιηωι</em></span> <span class='ocrx_word' id='word_1_48' title='bbox 927 903 1034 999; x_wconf 84' lang='lat' dir='ltr'><em>effi</em></span> <span class='ocrx_word' id='word_1_49' title='bbox 1063 906 1235 977; x_wconf 83' lang='lat' dir='ltr'><em>duxi</em></span> <span class='ocrx_word' id='word_1_50' title='bbox 1260 957 1285 991; x_wconf 89' lang='lat'><em>,</em></span> <span class='ocrx_word' id='word_1_51' title='bbox 1333 909 1846 999; x_wconf 86' lang='lat' dir='ltr'><em>quandoquidem</em></span> <span class='ocrx_word' id='word_1_52' title='bbox 1886 908 2184 1000; x_wconf 75' lang='lat' dir='ltr'><em>intelligo</em></span> <span class='ocrx_word' id='word_1_53' title='bbox 2232 906 2722 1001; x_wconf 75' lang='lat' dir='ltr'><em>illustriffimum</em></span> 
     </span>
     <span class='ocr_line' id='line_1_7' title="bbox 449 999 2719 1101; baseline -0.002 -21"><span class='ocrx_word' id='word_1_54' title='bbox 449 1009 825 1101; x_wconf 80' lang='lat' dir='ltr'><em>Principem</em></span> <span class='ocrx_word' id='word_1_55' title='bbox 864 1029 1229 1075; x_wconf 80' lang='lat' dir='ltr'><em>exterorum</em></span> <span class='ocrx_word' id='word_1_56' title='bbox 1256 1007 1673 1077; x_wconf 82' lang='lat' dir='ltr'><em>Medicorum</em></span> <span class='ocrx_word' id='word_1_57' title='bbox 1688 999 2028 1097; x_wconf 64' lang='lat' dir='ltr'><em>prasentia</em></span> <span class='ocrx_word' id='word_1_58' title='bbox 2071 1007 2422 1081; x_wconf 70' lang='lat' dir='ltr'><em>invitatum</em></span> <span class='ocrx_word' id='word_1_59' title='bbox 2456 1008 2532 1074; x_wconf 89' lang='lat' dir='ltr'><em>de</em></span> <span class='ocrx_word' id='word_1_60' title='bbox 2553 1009 2719 1077; x_wconf 85' lang='lat' dir='ltr'><em>deli-</em></span> 
     </span>
     <span class='ocr_line' id='line_1_8' title="bbox 447 1103 2716 1199; baseline -0.001 -23"><span class='ocrx_word' id='word_1_61' title='bbox 447 1109 764 1177; x_wconf 78' lang='lat' dir='ltr'><em>beratione</em></span> <span class='ocrx_word' id='word_1_62' title='bbox 791 1113 974 1197; x_wconf 53' lang='lat' dir='ltr'><em>now}</em></span> <span class='ocrx_word' id='word_1_63' title='bbox 988 1107 1275 1175; x_wconf 69' lang='lat' dir='ltr'><em>ineunda</em></span> <span class='ocrx_word' id='word_1_64' title='bbox 1297 1103 1562 1193; x_wconf 83' lang='lat' dir='ltr'><em>judicia</em></span> <span class='ocrx_word' id='word_1_65' title='bbox 1593 1105 1811 1197; x_wconf 87' lang='lat' dir='ltr'><em>nostra</em></span> <span class='ocrx_word' id='word_1_66' title='bbox 1840 1109 2069 1174; x_wconf 89' lang='lat' dir='ltr'><em>iterum</em></span> <span class='ocrx_word' id='word_1_67' title='bbox 2121 1110 2458 1199; x_wconf 82' lang='lat' dir='ltr'><em>exquirere</em></span> <span class='ocrx_word' id='word_1_68' title='bbox 2509 1113 2668 1178; x_wconf 73' lang='lat' dir='ltr'><em>velle</em></span> <span class='ocrx_word' id='word_1_69' title='bbox 2691 1158 2716 1195; x_wconf 81' lang='lat'>‚</span> 
     </span>
     <span class='ocr_line' id='line_1_9' title="bbox 425 1203 2715 1299; baseline -0.001 -24"><span class='ocrx_word' id='word_1_70' title='bbox 425 1203 510 1293; x_wconf 78' lang='lat' dir='ltr'><em>st</em></span> <span class='ocrx_word' id='word_1_71' title='bbox 530 1232 641 1275; x_wconf 86' lang='lat' dir='ltr'><em>eas</em></span> <span class='ocrx_word' id='word_1_72' title='bbox 658 1207 934 1299; x_wconf 61' lang='lat' dir='ltr'><em>seriptis</em></span> <span class='ocrx_word' id='word_1_73' title='bbox 964 1207 1254 1272; x_wconf 84' lang='lat' dir='ltr'><em>rationes</em></span> <span class='ocrx_word' id='word_1_74' title='bbox 1279 1205 1654 1271; x_wconf 83' lang='lat' dir='ltr'><em>mandarem</em></span> <span class='ocrx_word' id='word_1_75' title='bbox 1680 1253 1703 1286; x_wconf 87' lang='lat'>,</span> <span class='ocrx_word' id='word_1_76' title='bbox 1724 1224 1796 1272; x_wconf 87' lang='lat' dir='ltr'><em>ut</em></span> <span class='ocrx_word' id='word_1_77' title='bbox 1820 1206 2062 1293; x_wconf 87' lang='lat' dir='ltr'><em>majore</em></span> <span class='ocrx_word' id='word_1_78' title='bbox 2088 1226 2238 1272; x_wconf 83' lang='lat' dir='ltr'><em>cum</em></span> <span class='ocrx_word' id='word_1_79' title='bbox 2264 1203 2398 1270; x_wconf 89' lang='lat' dir='ltr'><em>otio</em></span> <span class='ocrx_word' id='word_1_80' title='bbox 2427 1246 2455 1279; x_wconf 81' lang='lat'><em>,</em></span> <span class='ocrx_word' id='word_1_81' title='bbox 2506 1211 2667 1273; x_wconf 57' lang='lat' dir='ltr'><em>cura</em></span> <span class='ocrx_word' id='word_1_82' title='bbox 2692 1259 2715 1294; x_wconf 83' lang='lat'><strong>,</strong></span> 
     </span>
     <span class='ocr_line' id='line_1_10' title="bbox 442 1297 2718 1397; baseline -0.002 -23"><span class='ocrx_word' id='word_1_83' title='bbox 442 1300 744 1376; x_wconf 66' lang='lat' dir='ltr'><em>&amp;animi</em></span> <span class='ocrx_word' id='word_1_84' title='bbox 764 1303 1170 1374; x_wconf 87' lang='lat' dir='ltr'><em>meditatione</em></span> <span class='ocrx_word' id='word_1_85' title='bbox 1184 1297 1746 1397; x_wconf 54' lang='lat' dir='ltr'><em>&amp;judiciofifftmis</em></span> <span class='ocrx_word' id='word_1_86' title='bbox 1781 1305 2055 1394; x_wconf 78' lang='lat' dir='ltr'><em>collegis</em></span> <span class='ocrx_word' id='word_1_87' title='bbox 2087 1303 2159 1369; x_wconf 89' lang='lat' dir='ltr'><em>in</em></span> <span class='ocrx_word' id='word_1_88' title='bbox 2189 1324 2462 1371; x_wconf 78' lang='lat' dir='ltr'><em>examen</em></span> <span class='ocrx_word' id='word_1_89' title='bbox 2480 1298 2718 1394; x_wconf 83' lang='lat' dir='ltr'><em>poffint</em></span> 
     </span>
     <span class='ocr_line' id='line_1_11' title="bbox 453 1428 814 1476; baseline 0.003 -7"><span class='ocrx_word' id='word_1_90' title='bbox 453 1428 770 1476; x_wconf 71' lang='lat' dir='ltr'><em>revocari.</em></span> <span class='ocrx_word' id='word_1_91' title='bbox 803 1447 814 1452; x_wconf 38' lang='grc' dir='ltr'>ν</span> 
     </span>
     <span class='ocr_line' id='line_1_12' title="bbox 556 1495 3073 1599; baseline -0.003 -25"><span class='ocrx_word' id='word_1_92' title='bbox 556 1498 901 1599; x_wconf 76' lang='lat' dir='ltr'><em>Principio</em></span> <span class='ocrx_word' id='word_1_93' title='bbox 924 1499 1244 1573; x_wconf 85' lang='lat' dir='ltr'><em>convenit</em></span> <span class='ocrx_word' id='word_1_94' title='bbox 1271 1498 1441 1571; x_wconf 89' lang='lat' dir='ltr'><em>mihi</em></span> <span class='ocrx_word' id='word_1_95' title='bbox 1473 1522 1634 1570; x_wconf 88' lang='lat' dir='ltr'><em>curn</em></span> <span class='ocrx_word' id='word_1_96' title='bbox 1675 1495 1921 1571; x_wconf 58' lang='lat' dir='ltr'><em>Schola</em></span> <span class='ocrx_word' id='word_1_97' title='bbox 1964 1498 2408 1573; x_wconf 84' lang='lat' dir='ltr'><em>Medicorum</em></span> <span class='ocrx_word' id='word_1_98' title='bbox 2458 1500 2712 1573; x_wconf 86' lang='lat' dir='ltr'><em>articu—</em></span> <span class='ocrx_word' id='word_1_99' title='bbox 2807 1519 2992 1589; x_wconf 35' lang='lat' dir='ltr'><em>ane-05³·</em></span> <span class='ocrx_word' id='word_1_100' title='bbox 3013 1520 3073 1567; x_wconf 75' lang='lat' dir='ltr'><em>e·</em></span> 
     </span>
     <span class='ocr_line' id='line_1_13' title="bbox 452 1576 3074 1698; baseline -0.001 -27"><span class='ocrx_word' id='word_1_101' title='bbox 452 1602 627 1673; x_wconf 83' lang='lat' dir='ltr'><em>lares</em></span> <span class='ocrx_word' id='word_1_102' title='bbox 661 1598 933 1671; x_wconf 86' lang='lat' dir='ltr'><em>dolores</em></span> <span class='ocrx_word' id='word_1_103' title='bbox 970 1624 1110 1671; x_wconf 89' lang='lat' dir='ltr'><em>non</em></span> <span class='ocrx_word' id='word_1_104' title='bbox 1155 1599 1419 1672; x_wconf 89' lang='lat' dir='ltr'><em>nudam</em></span> <span class='ocrx_word' id='word_1_105' title='bbox 1449 1597 1738 1695; x_wconf 87' lang='lat' dir='ltr'><em>quidem</em></span> <span class='ocrx_word' id='word_1_106' title='bbox 1776 1600 2244 1698; x_wconf 82' lang='lat' dir='ltr'><em>intemperiem</em></span> <span class='ocrx_word' id='word_1_107' title='bbox 2270 1598 2445 1685; x_wconf 80' lang='lat' dir='ltr'><em>,sed</em></span> <span class='ocrx_word' id='word_1_108' title='bbox 2497 1601 2716 1670; x_wconf 84' lang='lat' dir='ltr'><em>conti·</em></span> <span class='ocrx_word' id='word_1_109' title='bbox 2750 1576 3074 1680; x_wconf 56' lang='lat'><em>‘2:123‘&#39;‘¹2.⁸,..</em></span> 
     </span>
     <span class='ocr_line' id='line_1_14' title="bbox 454 1691 3043 1794; baseline -0.002 -21"><span class='ocrx_word' id='word_1_110' title='bbox 454 1700 729 1773; x_wconf 82' lang='lat' dir='ltr'><em>nuitatis</em></span> <span class='ocrx_word' id='word_1_111' title='bbox 759 1697 1166 1770; x_wconf 81' lang='lat' dir='ltr'><em>solutionem</em></span> <span class='ocrx_word' id='word_1_112' title='bbox 1195 1698 1551 1794; x_wconf 88' lang='lat' dir='ltr'><em>quandam</em></span> <span class='ocrx_word' id='word_1_113' title='bbox 1583 1751 1608 1786; x_wconf 89' lang='lat'><em>,</em></span> <span class='ocrx_word' id='word_1_114' title='bbox 1653 1698 1747 1770; x_wconf 87' lang='lat' dir='ltr'><em>ita</em></span> <span class='ocrx_word' id='word_1_115' title='bbox 1771 1701 2124 1769; x_wconf 81' lang='lat' dir='ltr'><em>atrocitate</em></span> <span class='ocrx_word' id='word_1_116' title='bbox 2153 1722 2394 1769; x_wconf 88' lang='lat' dir='ltr'><em>eorum</em></span> <span class='ocrx_word' id='word_1_117' title='bbox 2426 1696 2713 1770; x_wconf 87' lang='lat' dir='ltr'><em>suaden-</em></span> <span class='ocrx_word' id='word_1_118' title='bbox 2746 1691 3043 1736; x_wconf 68' lang='lat'><em>¹¹²⁶&#39;‘⁰‘⁰¹”</em></span> 
     </span>
    </p>
   </div>
   <div class='ocr_carea' id='block_1_3' title="bbox 454 1747 3079 1896">
    <p class='ocr_par' dir='ltr' id='par_1_3' title="bbox 454 1747 3079 1896">
     <span class='ocr_line' id='line_1_15' title="bbox 454 1747 3079 1896; baseline -0.001 -24"><span class='ocrx_word' id='word_1_119' title='bbox 454 1823 524 1872; x_wconf 89' lang='lat' dir='ltr'><em>te</em></span> <span class='ocrx_word' id='word_1_120' title='bbox 549 1851 570 1886; x_wconf 88' lang='lat'>‚</span> <span class='ocrx_word' id='word_1_121' title='bbox 599 1796 973 1893; x_wconf 86' lang='lat' dir='ltr'><em>consequi,</em></span> <span class='ocrx_word' id='word_1_122' title='bbox 1019 1798 1151 1869; x_wconf 88' lang='lat' dir='ltr'><em>hoc</em></span> <span class='ocrx_word' id='word_1_123' title='bbox 1184 1796 1281 1870; x_wconf 88' lang='lat' dir='ltr'><em>est</em></span> <span class='ocrx_word' id='word_1_124' title='bbox 1312 1851 1337 1885; x_wconf 90' lang='lat'><em>,</em></span> <span class='ocrx_word' id='word_1_125' title='bbox 1399 1798 1776 1871; x_wconf 85' lang='lat' dir='ltr'><em>violentam</em></span> <span class='ocrx_word' id='word_1_126' title='bbox 1830 1795 2308 1868; x_wconf 87' lang='lat' dir='ltr'><em>distentionem</em></span> <span class='ocrx_word' id='word_1_127' title='bbox 2357 1804 2426 1870; x_wconf 80' lang='grc' dir='ltr'><em>δε</em></span> <span class='ocrx_word' id='word_1_128' title='bbox 2476 1747 3079 1896; x_wconf 45' lang='grc' dir='ltr'><em>ρι’κεειίῗῗῖῗῐῖᾜ..</em></span> 
     </span>
    </p>
   </div>
   <div class='ocr_carea' id='block_1_4' title="bbox 428 1834 3079 4169">
    <p class='ocr_par' dir='ltr' id='par_1_4' title="bbox 453 1834 3076 2387">
     <span class='ocr_line' id='line_1_16' title="bbox 457 1834 3076 1994; baseline 0 -22"><span class='ocrx_word' id='word_1_129' title='bbox 457 1923 774 1972; x_wconf 87' lang='lat' dir='ltr'><em>naturam</em></span> <span class='ocrx_word' id='word_1_130' title='bbox 841 1897 1373 1994; x_wconf 85' lang='lat' dir='ltr'><em>ligamentorum</em></span> <span class='ocrx_word' id='word_1_131' title='bbox 1423 1891 2053 1969; x_wconf 87' lang='lat' dir='ltr'><em>membranosorum</em></span> <span class='ocrx_word' id='word_1_132' title='bbox 2107 1918 2261 1989; x_wconf 82' lang='lat' dir='ltr'><em>quae</em></span> <span class='ocrx_word' id='word_1_133' title='bbox 2293 1919 2642 1967; x_wconf 82' lang='lat' dir='ltr'><em>continent</em></span> <span class='ocrx_word' id='word_1_134' title='bbox 2688 1951 2713 1984; x_wconf 88' lang='lat'>‚</span> <span class='ocrx_word' id='word_1_135' title='bbox 2748 1834 3076 1982; x_wconf 41' lang='lat' dir='ltr'><em>iiiia-fuant</em></span> 
     </span>
     <span class='ocr_line' id='line_1_17' title="bbox 456 1994 2715 2091; baseline -0.002 -21"><span class='ocrx_word' id='word_1_136' title='bbox 456 1997 733 2070; x_wconf 84' lang='lat' dir='ltr'><em>firmant</em></span> <span class='ocrx_word' id='word_1_137' title='bbox 763 2049 786 2082; x_wconf 89' lang='lat'>,</span> <span class='ocrx_word' id='word_1_138' title='bbox 835 1996 1391 2091; x_wconf 86' lang='lat' dir='ltr'><em>inducunturque</em></span> <span class='ocrx_word' id='word_1_139' title='bbox 1434 2020 1675 2070; x_wconf 85' lang='lat' dir='ltr'><em>eorum</em></span> <span class='ocrx_word' id='word_1_140' title='bbox 1710 1995 2012 2066; x_wconf 85' lang='lat' dir='ltr'><em>articulis</em></span> <span class='ocrx_word' id='word_1_141' title='bbox 2036 1994 2276 2068; x_wconf 84' lang='lat' dir='ltr'><em>offium</em></span> <span class='ocrx_word' id='word_1_142' title='bbox 2302 2046 2325 2080; x_wconf 89' lang='lat'>,</span> <span class='ocrx_word' id='word_1_143' title='bbox 2367 2018 2523 2089; x_wconf 81' lang='lat' dir='ltr'><em>quae</em></span> <span class='ocrx_word' id='word_1_144' title='bbox 2565 1994 2715 2065; x_wconf 89' lang='lat' dir='ltr'><em>sunt</em></span> 
     </span>
     <span class='ocr_line' id='line_1_18' title="bbox 453 2091 2866 2206; baseline -0.002 -38"><span class='ocrx_word' id='word_1_145' title='bbox 453 2097 786 2191; x_wconf 86' lang='lat' dir='ltr'><em>colligata</em></span> <span class='ocrx_word' id='word_1_146' title='bbox 867 2120 939 2166; x_wconf 90' lang='lat' dir='ltr'><em>er</em></span> <span class='ocrx_word' id='word_1_147' title='bbox 975 2092 1382 2165; x_wconf 85' lang='lat' dir='ltr'><em>diarthrofin</em></span> <span class='ocrx_word' id='word_1_148' title='bbox 1404 2147 1429 2181; x_wconf 90' lang='lat'><em>,</em></span> <span class='ocrx_word' id='word_1_149' title='bbox 1457 2093 1534 2165; x_wconf 91' lang='lat' dir='ltr'><em>id</em></span> <span class='ocrx_word' id='word_1_150' title='bbox 1558 2091 1653 2165; x_wconf 89' lang='lat' dir='ltr'><em>est</em></span> <span class='ocrx_word' id='word_1_151' title='bbox 1692 2092 2236 2166; x_wconf 87' lang='lat' dir='ltr'><em>articulationem</em></span> <span class='ocrx_word' id='word_1_152' title='bbox 2255 2145 2278 2179; x_wconf 89' lang='lat'>,</span> <span class='ocrx_word' id='word_1_153' title='bbox 2304 2095 2376 2163; x_wconf 90' lang='lat' dir='ltr'><em>in</em></span> <span class='ocrx_word' id='word_1_154' title='bbox 2406 2093 2547 2188; x_wconf 64' lang='lat' dir='ltr'><em>qufi</em></span> <span class='ocrx_word' id='word_1_155' title='bbox 2566 2117 2718 2164; x_wconf 86' lang='lat' dir='ltr'><em>ma·</em></span> <span class='ocrx_word' id='word_1_156' title='bbox 2751 2158 2788 2206; x_wconf 52' lang='lat' dir='ltr'>a</span> <span class='ocrx_word' id='word_1_157' title='bbox 2851 2159 2866 2203; x_wconf 70' lang='lat'>³</span> 
     </span>
     <span class='ocr_line' id='line_1_19' title="bbox 458 2173 3009 2292; baseline 0 -27"><span class='ocrx_word' id='word_1_158' title='bbox 458 2194 695 2266; x_wconf 69' lang='lat' dir='ltr'><em>nifest‘e</em></span> <span class='ocrx_word' id='word_1_159' title='bbox 723 2220 766 2263; x_wconf 93' lang='lat' dir='ltr'><em>o</em></span> <span class='ocrx_word' id='word_1_160' title='bbox 823 2219 866 2262; x_wconf 88' lang='lat' dir='ltr'><em>a</em></span> <span class='ocrx_word' id='word_1_161' title='bbox 906 2193 1166 2266; x_wconf 88' lang='lat' dir='ltr'><em>moveri</em></span> <span class='ocrx_word' id='word_1_162' title='bbox 1205 2188 1474 2291; x_wconf 80' lang='lat' dir='ltr'><em>possunt</em></span> <span class='ocrx_word' id='word_1_163' title='bbox 1500 2245 1523 2279; x_wconf 90' lang='lat'>,</span> <span class='ocrx_word' id='word_1_164' title='bbox 1566 2192 1823 2292; x_wconf 72' lang='lat' dir='ltr'><em>quippe</em></span> <span class='ocrx_word' id='word_1_165' title='bbox 1858 2215 2012 2287; x_wconf 83' lang='lat' dir='ltr'><em>quae</em></span> <span class='ocrx_word' id='word_1_166' title='bbox 2054 2192 2432 2290; x_wconf 87' lang='lat' dir='ltr'><em>ligamenta</em></span> <span class='ocrx_word' id='word_1_167' title='bbox 2485 2194 2718 2286; x_wconf 84' lang='lat' dir='ltr'><em>exqui·</em></span> <span class='ocrx_word' id='word_1_168' title='bbox 2751 2173 3009 2272; x_wconf 53' lang='lat'><em>0:32⁰·</em></span> 
     </span>
     <span class='ocr_line' id='line_1_20' title="bbox 459 2288 2717 2387; baseline -0.001 -23"><span class='ocrx_word' id='word_1_169' title='bbox 459 2290 682 2364; x_wconf 78' lang='lat' dir='ltr'><em>fltimo</em></span> <span class='ocrx_word' id='word_1_170' title='bbox 728 2290 989 2387; x_wconf 86' lang='lat' dir='ltr'><em>pollent</em></span> <span class='ocrx_word' id='word_1_171' title='bbox 1049 2290 1235 2361; x_wconf 70' lang='lat' dir='ltr'><em>tastu</em></span> <span class='ocrx_word' id='word_1_172' title='bbox 1271 2342 1296 2376; x_wconf 90' lang='lat'><em>,</em></span> <span class='ocrx_word' id='word_1_173' title='bbox 1344 2290 1538 2387; x_wconf 79' lang='lat' dir='ltr'><em>quod</em></span> <span class='ocrx_word' id='word_1_174' title='bbox 1585 2289 1999 2364; x_wconf 80' lang='lat' dir='ltr'><em>membrana:</em></span> <span class='ocrx_word' id='word_1_175' title='bbox 2022 2342 2047 2377; x_wconf 87' lang='lat'><strong><em>,</em></strong></span> <span class='ocrx_word' id='word_1_176' title='bbox 2096 2314 2250 2387; x_wconf 82' lang='lat' dir='ltr'><em>quae</em></span> <span class='ocrx_word' id='word_1_177' title='bbox 2290 2288 2387 2362; x_wconf 91' lang='lat' dir='ltr'><em>est</em></span> <span class='ocrx_word' id='word_1_178' title='bbox 2438 2292 2717 2362; x_wconf 89' lang='lat' dir='ltr'><em>unicum</em></span> 
     </span>
    </p>

    <p class='ocr_par' dir='ltr' id='par_1_5' title="bbox 459 2387 2090 2476">
     <span class='ocr_line' id='line_1_21' title="bbox 459 2387 2090 2476; baseline -0.002 -13"><span class='ocrx_word' id='word_1_179' title='bbox 459 2389 682 2463; x_wconf 56' lang='lat' dir='ltr'><em>taikns</em></span> <span class='ocrx_word' id='word_1_180' title='bbox 735 2387 1297 2476; x_wconf 90' lang='lat' dir='ltr'><em>instrumentum,</em></span> <span class='ocrx_word' id='word_1_181' title='bbox 1334 2415 1648 2464; x_wconf 88' lang='lat' dir='ltr'><em>naturam</em></span> <span class='ocrx_word' id='word_1_182' title='bbox 1692 2387 2007 2462; x_wconf 86' lang='lat' dir='ltr'><em>habeant.</em></span> <span class='ocrx_word' id='word_1_183' title='bbox 2081 2398 2090 2408; x_wconf 86' lang='lat'>&#39;</span> 
     </span>
    </p>

    <p class='ocr_par' dir='ltr' id='par_1_6' title="bbox 441 2483 3079 3574">
     <span class='ocr_line' id='line_1_22' title="bbox 557 2483 3079 2602; baseline -0.001 -39"><span class='ocrx_word' id='word_1_184' title='bbox 557 2487 837 2563; x_wconf 89' lang='lat' dir='ltr'><em>Deinde</em></span> <span class='ocrx_word' id='word_1_185' title='bbox 860 2486 1020 2564; x_wconf 76' lang='lat' dir='ltr'><em>vero</em></span> <span class='ocrx_word' id='word_1_186' title='bbox 1055 2487 1228 2561; x_wconf 90' lang='lat' dir='ltr'><em>illud</em></span> <span class='ocrx_word' id='word_1_187' title='bbox 1268 2514 1549 2587; x_wconf 88' lang='lat' dir='ltr'><em>quoque</em></span> <span class='ocrx_word' id='word_1_188' title='bbox 1579 2487 1781 2563; x_wconf 90' lang='lat' dir='ltr'><em>detur</em></span> <span class='ocrx_word' id='word_1_189' title='bbox 1826 2487 2002 2560; x_wconf 89' lang='lat' dir='ltr'><em>hanc</em></span> <span class='ocrx_word' id='word_1_190' title='bbox 2033 2487 2566 2587; x_wconf 85' lang='lat' dir='ltr'><em>ligamentorum</em></span> <span class='ocrx_word' id='word_1_191' title='bbox 2603 2484 2715 2561; x_wconf 90' lang='lat' dir='ltr'><em>di·-</em></span> <span class='ocrx_word' id='word_1_192' title='bbox 2748 2483 2952 2602; x_wconf 48' lang='lat'><em>3²:¹⁸⁰</em></span> <span class='ocrx_word' id='word_1_193' title='bbox 3012 2486 3079 2536; x_wconf 72' lang='lat'><em>⁸¹</em></span> 
     </span>
     <span class='ocr_line' id='line_1_23' title="bbox 441 2576 2917 2690; baseline -0.002 -23"><span class='ocrx_word' id='word_1_194' title='bbox 441 2588 827 2667; x_wconf 59' lang='lat' dir='ltr'><em>vulnonem</em></span> <span class='ocrx_word' id='word_1_195' title='bbox 873 2613 1109 2688; x_wconf 84' lang='lat' dir='ltr'><em>praeter</em></span> <span class='ocrx_word' id='word_1_196' title='bbox 1151 2612 1465 2662; x_wconf 88' lang='lat' dir='ltr'><em>naturam</em></span> <span class='ocrx_word' id='word_1_197' title='bbox 1496 2591 1744 2690; x_wconf 90' lang='lat' dir='ltr'><em>partim</em></span> <span class='ocrx_word' id='word_1_198' title='bbox 1791 2586 1939 2660; x_wconf 90' lang='lat' dir='ltr'><em>fieri</em></span> <span class='ocrx_word' id='word_1_199' title='bbox 1990 2585 2076 2660; x_wconf 89' lang='lat' dir='ltr'><em>ab</em></span> <span class='ocrx_word' id='word_1_200' title='bbox 2128 2586 2445 2661; x_wconf 89' lang='lat' dir='ltr'><em>imbibito</em></span> <span class='ocrx_word' id='word_1_201' title='bbox 2474 2589 2712 2685; x_wconf 85' lang='lat' dir='ltr'><em>aliquo</em></span> <span class='ocrx_word' id='word_1_202' title='bbox 2893 2576 2917 2603; x_wconf 83' lang='lat'><em>&#39;</em></span> 
     </span>
     <span class='ocr_line' id='line_1_24' title="bbox 453 2679 3079 2788; baseline -0.002 -21"><span class='ocrx_word' id='word_1_203' title='bbox 453 2691 789 2777; x_wconf 90' lang='lat' dir='ltr'><em>humore,</em></span> <span class='ocrx_word' id='word_1_204' title='bbox 817 2688 1067 2788; x_wconf 89' lang='lat' dir='ltr'><em>partim</em></span> <span class='ocrx_word' id='word_1_205' title='bbox 1108 2687 1297 2783; x_wconf 92' lang='lat' dir='ltr'><em>sequi</em></span> <span class='ocrx_word' id='word_1_206' title='bbox 1341 2688 1588 2762; x_wconf 85' lang='lat' dir='ltr'><em>offium-</em></span> <span class='ocrx_word' id='word_1_207' title='bbox 1624 2692 1664 2762; x_wconf 70' lang='grc' dir='ltr'><em>ὸ,</em></span> <span class='ocrx_word' id='word_1_208' title='bbox 1711 2687 1775 2762; x_wconf 89' lang='lat' dir='ltr'><em>se</em></span> <span class='ocrx_word' id='word_1_209' title='bbox 1806 2688 2098 2761; x_wconf 88' lang='lat' dir='ltr'><em>invicem</em></span> <span class='ocrx_word' id='word_1_210' title='bbox 2121 2687 2478 2781; x_wconf 78' lang='lat' dir='ltr'><em>quandam</em></span> <span class='ocrx_word' id='word_1_211' title='bbox 2499 2691 2709 2761; x_wconf 87' lang='lat' dir='ltr'><em>veluti</em></span> <span class='ocrx_word' id='word_1_212' title='bbox 2747 2679 3079 2786; x_wconf 49' lang='grc' dir='ltr'><em>ξῗὼζυᾶξῗξ</em></span> 
     </span>
     <span class='ocr_line' id='line_1_25' title="bbox 457 2768 2931 2880; baseline -0.003 -21"><span class='ocrx_word' id='word_1_213' title='bbox 457 2787 930 2860; x_wconf 84' lang='lat' dir='ltr'><em>absceffionem</em></span> <span class='ocrx_word' id='word_1_214' title='bbox 958 2838 981 2871; x_wconf 88' lang='lat'>,</span> <span class='ocrx_word' id='word_1_215' title='bbox 1008 2812 1222 2880; x_wconf 87' lang='lat' dir='ltr'><em>quam</em></span> <span class='ocrx_word' id='word_1_216' title='bbox 1268 2787 1512 2858; x_wconf 87' lang='lat' dir='ltr'><em>humor</em></span> <span class='ocrx_word' id='word_1_217' title='bbox 1557 2789 1631 2856; x_wconf 91' lang='lat' dir='ltr'><em>in</em></span> <span class='ocrx_word' id='word_1_218' title='bbox 1680 2811 1919 2857; x_wconf 86' lang='lat' dir='ltr'><em>eorum</em></span> <span class='ocrx_word' id='word_1_219' title='bbox 1941 2787 2305 2857; x_wconf 87' lang='lat' dir='ltr'><em>cavitatem</em></span> <span class='ocrx_word' id='word_1_220' title='bbox 2322 2784 2457 2856; x_wconf 78' lang='lat' dir='ltr'><em>five</em></span> <span class='ocrx_word' id='word_1_221' title='bbox 2480 2789 2711 2860; x_wconf 84' lang='lat' dir='ltr'><em>inania</em></span> <span class='ocrx_word' id='word_1_222' title='bbox 2745 2768 2931 2852; x_wconf 62' lang='lat' dir='ltr'><em>noim,</em></span> 
     </span>
     <span class='ocr_line' id='line_1_26' title="bbox 457 2882 2715 2986; baseline 0.001 -30"><span class='ocrx_word' id='word_1_223' title='bbox 457 2886 678 2986; x_wconf 83' lang='lat' dir='ltr'><em>spatia</em></span> <span class='ocrx_word' id='word_1_224' title='bbox 744 2884 1004 2980; x_wconf 62' lang='lat' dir='ltr'><em>magna</em></span> <span class='ocrx_word' id='word_1_225' title='bbox 1047 2886 1117 2954; x_wconf 87' lang='lat' dir='ltr'><em>vi</em></span> <span class='ocrx_word' id='word_1_226' title='bbox 1171 2885 1425 2955; x_wconf 84' lang='lat' dir='ltr'><em>irruens</em></span> <span class='ocrx_word' id='word_1_227' title='bbox 1475 2882 1640 2954; x_wconf 78' lang='lat' dir='ltr'><em>facit</em></span> <span class='ocrx_word' id='word_1_228' title='bbox 1693 2912 1709 2951; x_wconf 78' lang='lat' dir='ltr'><strong><em>z</em></strong></span> <span class='ocrx_word' id='word_1_229' title='bbox 1777 2907 1936 2954; x_wconf 88' lang='lat' dir='ltr'><em>eum</em></span> <span class='ocrx_word' id='word_1_230' title='bbox 1983 2908 2213 2955; x_wconf 84' lang='lat' dir='ltr'><em>autem</em></span> <span class='ocrx_word' id='word_1_231' title='bbox 2269 2883 2625 2960; x_wconf 85' lang='lat' dir='ltr'><em>humorem</em></span> <span class='ocrx_word' id='word_1_232' title='bbox 2672 2887 2715 2958; x_wconf 78' lang='grc' dir='ltr'>ὲ</span> 
     </span>
     <span class='ocr_line' id='line_1_27' title="bbox 457 2976 2715 3082; baseline 0.001 -24"><span class='ocrx_word' id='word_1_233' title='bbox 457 2984 648 3059; x_wconf 83' lang='lat' dir='ltr'><em>venis</em></span> <span class='ocrx_word' id='word_1_234' title='bbox 681 3007 800 3054; x_wconf 87' lang='lat' dir='ltr'><em>aut</em></span> <span class='ocrx_word' id='word_1_235' title='bbox 836 2976 1226 3053; x_wconf 85' lang='lat' dir='ltr'><em>tendinibus</em></span> <span class='ocrx_word' id='word_1_236' title='bbox 1250 2981 1570 3080; x_wconf 87' lang='lat' dir='ltr'><em>depluere</em></span> <span class='ocrx_word' id='word_1_237' title='bbox 1595 2979 1955 3053; x_wconf 87' lang='lat' dir='ltr'><em>confertim</em></span> <span class='ocrx_word' id='word_1_238' title='bbox 1983 2978 2113 3056; x_wconf 83' lang='lat' dir='ltr'><em>five</em></span> <span class='ocrx_word' id='word_1_239' title='bbox 2152 2981 2388 3082; x_wconf 70' lang='lat' dir='ltr'><em>sponte</em></span> <span class='ocrx_word' id='word_1_240' title='bbox 2441 2980 2573 3059; x_wconf 82' lang='lat' dir='ltr'><em>five</em></span> <span class='ocrx_word' id='word_1_241' title='bbox 2603 3013 2715 3060; x_wconf 82' lang='lat' dir='ltr'><em>ex-</em></span> 
     </span>
     <span class='ocr_line' id='line_1_28' title="bbox 457 3079 2716 3184; baseline 0.001 -28"><span class='ocrx_word' id='word_1_242' title='bbox 457 3082 728 3184; x_wconf 85' lang='lat' dir='ltr'><em>pulsum</em></span> <span class='ocrx_word' id='word_1_243' title='bbox 758 3083 799 3152; x_wconf 79' lang='lat' dir='ltr'><em>&#39;a</em></span> <span class='ocrx_word' id='word_1_244' title='bbox 833 3079 1032 3153; x_wconf 60' lang='lat' dir='ltr'><em>causa</em></span> <span class='ocrx_word' id='word_1_245' title='bbox 1076 3081 1348 3152; x_wconf 58' lang='lat' dir='ltr'><em>externa</em></span> <span class='ocrx_word' id='word_1_246' title='bbox 1388 3079 1803 3180; x_wconf 86' lang='lat' dir='ltr'><em>astringente</em></span> <span class='ocrx_word' id='word_1_247' title='bbox 1833 3079 2257 3156; x_wconf 88' lang='lat' dir='ltr'><em>vehementer</em></span> <span class='ocrx_word' id='word_1_248' title='bbox 2293 3137 2318 3172; x_wconf 86' lang='lat'><strong><em>,</em></strong></span> <span class='ocrx_word' id='word_1_249' title='bbox 2355 3087 2465 3160; x_wconf 85' lang='lat' dir='ltr'><em>vel</em></span> <span class='ocrx_word' id='word_1_250' title='bbox 2507 3086 2548 3159; x_wconf 69' lang='lat' dir='ltr'><em>*a</em></span> <span class='ocrx_word' id='word_1_251' title='bbox 2594 3114 2716 3160; x_wconf 83' lang='lat' dir='ltr'><em>na-</em></span> 
     </span>
     <span class='ocr_line' id='line_1_29' title="bbox 457 3179 2713 3279; baseline 0.003 -24"><span class='ocrx_word' id='word_1_252' title='bbox 457 3182 614 3255; x_wconf 62' lang='lat' dir='ltr'><em>tura</em></span> <span class='ocrx_word' id='word_1_253' title='bbox 655 3184 797 3270; x_wconf 87' lang='lat' dir='ltr'><em>ejus</em></span> <span class='ocrx_word' id='word_1_254' title='bbox 819 3179 1024 3279; x_wconf 65' lang='lat' dir='ltr'><em>copia</em></span> <span class='ocrx_word' id='word_1_255' title='bbox 1051 3204 1169 3253; x_wconf 86' lang='lat' dir='ltr'><em>aut</em></span> <span class='ocrx_word' id='word_1_256' title='bbox 1201 3183 1534 3275; x_wconf 86' lang='lat' dir='ltr'><em>qualitate</em></span> <span class='ocrx_word' id='word_1_257' title='bbox 1575 3179 1837 3250; x_wconf 62' lang='lat' dir='ltr'><em>irritata</em></span> <span class='ocrx_word' id='word_1_258' title='bbox 1876 3210 1892 3250; x_wconf 70' lang='grc' dir='ltr'><strong>ι</strong></span> <span class='ocrx_word' id='word_1_259' title='bbox 1927 3185 1999 3253; x_wconf 87' lang='lat'>&amp;</span> <span class='ocrx_word' id='word_1_260' title='bbox 2050 3180 2255 3279; x_wconf 74' lang='lat' dir='ltr'><em>porri&gt;</em></span> <span class='ocrx_word' id='word_1_261' title='bbox 2307 3212 2445 3259; x_wconf 88' lang='lat' dir='ltr'><em>non</em></span> <span class='ocrx_word' id='word_1_262' title='bbox 2494 3189 2713 3263; x_wconf 75' lang='lat' dir='ltr'><em>solum</em></span> 
     </span>
     <span class='ocr_line' id='line_1_30' title="bbox 457 3276 2717 3385; baseline 0.002 -32"><span class='ocrx_word' id='word_1_263' title='bbox 457 3281 531 3353; x_wconf 89' lang='lat' dir='ltr'><em>in</em></span> <span class='ocrx_word' id='word_1_264' title='bbox 582 3281 794 3378; x_wconf 88' lang='lat' dir='ltr'><em>spatia</em></span> <span class='ocrx_word' id='word_1_265' title='bbox 860 3280 977 3351; x_wconf 88' lang='lat' dir='ltr'><em>illa</em></span> <span class='ocrx_word' id='word_1_266' title='bbox 1025 3279 1470 3351; x_wconf 88' lang='lat' dir='ltr'><em>articulorum</em></span> <span class='ocrx_word' id='word_1_267' title='bbox 1521 3276 1819 3351; x_wconf 88' lang='lat' dir='ltr'><em>eundem</em></span> <span class='ocrx_word' id='word_1_268' title='bbox 1858 3278 2240 3353; x_wconf 81' lang='lat' dir='ltr'><em>humorem</em></span> <span class='ocrx_word' id='word_1_269' title='bbox 2289 3310 2639 3385; x_wconf 88' lang='lat' dir='ltr'><em>erumpere</em></span> <span class='ocrx_word' id='word_1_270' title='bbox 2687 3343 2717 3377; x_wconf 87' lang='lat'><em>,</em></span> 
     </span>
     <span class='ocr_line' id='line_1_31' title="bbox 458 3373 2716 3477; baseline 0.004 -29"><span class='ocrx_word' id='word_1_271' title='bbox 458 3376 579 3448; x_wconf 86' lang='lat' dir='ltr'><em>sed</em></span> <span class='ocrx_word' id='word_1_272' title='bbox 622 3377 1123 3451; x_wconf 81' lang='lat' dir='ltr'><em>circumstantes</em></span> <span class='ocrx_word' id='word_1_273' title='bbox 1168 3402 1404 3451; x_wconf 83' lang='lat' dir='ltr'><em>omnes</em></span> <span class='ocrx_word' id='word_1_274' title='bbox 1450 3402 1671 3477; x_wconf 85' lang='lat' dir='ltr'><em>partes</em></span> <span class='ocrx_word' id='word_1_275' title='bbox 1714 3373 1849 3451; x_wconf 77' lang='lat' dir='ltr'><em>five</em></span> <span class='ocrx_word' id='word_1_276' title='bbox 1890 3378 2198 3454; x_wconf 78' lang='lat' dir='ltr'><em>nervosas</em></span> <span class='ocrx_word' id='word_1_277' title='bbox 2243 3380 2376 3461; x_wconf 82' lang='lat' dir='ltr'><em>five</em></span> <span class='ocrx_word' id='word_1_278' title='bbox 2402 3387 2716 3465; x_wconf 79' lang='lat' dir='ltr'><em>carnosas</em></span> 
     </span>
     <span class='ocr_line' id='line_1_32' title="bbox 461 3474 2203 3574; baseline 0.001 -27"><span class='ocrx_word' id='word_1_279' title='bbox 461 3500 801 3574; x_wconf 88' lang='lat' dir='ltr'><em>occupare</em></span> <span class='ocrx_word' id='word_1_280' title='bbox 837 3483 907 3551; x_wconf 89' lang='lat'>&amp;</span> <span class='ocrx_word' id='word_1_281' title='bbox 940 3474 1263 3548; x_wconf 83' lang='lat' dir='ltr'><em>imbuere.</em></span> <span class='ocrx_word' id='word_1_282' title='bbox 2195 3567 2203 3574; x_wconf 86' lang='lat'><strong>.</strong></span> 
     </span>
    </p>

    <p class='ocr_par' dir='ltr' id='par_1_7' title="bbox 428 3575 3070 4169">
     <span class='ocr_line' id='line_1_33' title="bbox 552 3575 2715 3669; baseline 0.006 -25"><span class='ocrx_word' id='word_1_283' title='bbox 552 3586 779 3669; x_wconf 81' lang='lat' dir='ltr'><em>ltaque</em></span> <span class='ocrx_word' id='word_1_284' title='bbox 814 3575 973 3644; x_wconf 77' lang='lat' dir='ltr'><em>mihi</em></span> <span class='ocrx_word' id='word_1_285' title='bbox 1002 3599 1145 3645; x_wconf 82' lang='lat' dir='ltr'><em>eum</em></span> <span class='ocrx_word' id='word_1_286' title='bbox 1175 3579 1471 3649; x_wconf 79' lang='lat' dir='ltr'><em>omnibus</em></span> <span class='ocrx_word' id='word_1_287' title='bbox 1500 3578 1793 3652; x_wconf 75' lang='lat' dir='ltr'><em>convenit</em></span> <span class='ocrx_word' id='word_1_288' title='bbox 1828 3602 1967 3651; x_wconf 87' lang='lat' dir='ltr'><em>tum</em></span> <span class='ocrx_word' id='word_1_289' title='bbox 1991 3579 2064 3649; x_wconf 86' lang='lat' dir='ltr'><em>de</em></span> <span class='ocrx_word' id='word_1_290' title='bbox 2088 3583 2337 3655; x_wconf 79' lang='lat' dir='ltr'><em>doloris</em></span> <span class='ocrx_word' id='word_1_291' title='bbox 2359 3579 2715 3659; x_wconf 74' lang='lat' dir='ltr'><em>continente</em></span> 
     </span>
     <span class='ocr_line' id='line_1_34' title="bbox 449 3671 2714 3779; baseline 0.004 -33"><span class='ocrx_word' id='word_1_292' title='bbox 449 3671 656 3759; x_wconf 65' lang='lat' dir='ltr'><em>causa</em></span> <span class='ocrx_word' id='word_1_293' title='bbox 699 3676 772 3744; x_wconf 88' lang='lat' dir='ltr'><em>in</em></span> <span class='ocrx_word' id='word_1_294' title='bbox 793 3700 1015 3769; x_wconf 77' lang='lat' dir='ltr'><em>genere</em></span> <span class='ocrx_word' id='word_1_295' title='bbox 1037 3726 1060 3758; x_wconf 89' lang='lat'><strong><em>,</em></strong></span> <span class='ocrx_word' id='word_1_296' title='bbox 1087 3696 1227 3744; x_wconf 88' lang='lat' dir='ltr'><em>tum</em></span> <span class='ocrx_word' id='word_1_297' title='bbox 1271 3679 1343 3745; x_wconf 86' lang='lat' dir='ltr'><em>de</em></span> <span class='ocrx_word' id='word_1_298' title='bbox 1350 3680 1703 3770; x_wconf 77' lang='lat' dir='ltr'><em>fluxionis</em></span> <span class='ocrx_word' id='word_1_299' title='bbox 1722 3732 1745 3765; x_wconf 88' lang='lat'>,</span> <span class='ocrx_word' id='word_1_300' title='bbox 1769 3706 1921 3774; x_wconf 73' lang='lat' dir='ltr'><em>quoe</em></span> <span class='ocrx_word' id='word_1_301' title='bbox 1964 3682 2048 3774; x_wconf 72' lang='lat' dir='ltr'><em>est</em></span> <span class='ocrx_word' id='word_1_302' title='bbox 2080 3705 2292 3753; x_wconf 83' lang='lat' dir='ltr'><em>motus</em></span> <span class='ocrx_word' id='word_1_303' title='bbox 2318 3681 2583 3779; x_wconf 85' lang='lat' dir='ltr'><em>quidam</em></span> <span class='ocrx_word' id='word_1_304' title='bbox 2611 3695 2714 3759; x_wconf 83' lang='lat' dir='ltr'><em>lo·-</em></span> 
     </span>
     <span class='ocr_line' id='line_1_35' title="bbox 445 3775 2713 3877; baseline 0.005 -33"><span class='ocrx_word' id='word_1_305' title='bbox 445 3777 670 3859; x_wconf 77' lang='lat' dir='ltr'><em>calis‚</em></span> <span class='ocrx_word' id='word_1_306' title='bbox 721 3775 1102 3873; x_wconf 80' lang='lat' dir='ltr'><em>quibusdam</em></span> <span class='ocrx_word' id='word_1_307' title='bbox 1131 3775 1339 3865; x_wconf 81' lang='lat' dir='ltr'><em>caufis</em></span> <span class='ocrx_word' id='word_1_308' title='bbox 1360 3828 1381 3860; x_wconf 88' lang='lat'><strong>,</strong></span> <span class='ocrx_word' id='word_1_309' title='bbox 1427 3783 1699 3848; x_wconf 88' lang='lat' dir='ltr'><em>termino</em></span> <span class='ocrx_word' id='word_1_310' title='bbox 1742 3783 2055 3850; x_wconf 81' lang='lat' dir='ltr'><em>‘nimirum</em></span> <span class='ocrx_word' id='word_1_311' title='bbox 2078 3783 2168 3851; x_wconf 86' lang='lat' dir='ltr'><em>ad</em></span> <span class='ocrx_word' id='word_1_312' title='bbox 2192 3808 2374 3877; x_wconf 83' lang='lat' dir='ltr'><em>quem</em></span> <span class='ocrx_word' id='word_1_313' title='bbox 2399 3832 2423 3867; x_wconf 81' lang='lat'><em>,</em></span> <span class='ocrx_word' id='word_1_314' title='bbox 2448 3789 2713 3858; x_wconf 79' lang='lat' dir='ltr'><em>mobilis</em></span> 
     </span>
     <span class='ocr_line' id='line_1_36' title="bbox 453 3871 3063 3977; baseline 0.006 -35"><span class='ocrx_word' id='word_1_315' title='bbox 453 3896 699 3951; x_wconf 72' lang='lat' dir='ltr'><em>natura</em></span> <span class='ocrx_word' id='word_1_316' title='bbox 729 3926 752 3958; x_wconf 89' lang='lat'><strong><em>,</em></strong></span> <span class='ocrx_word' id='word_1_317' title='bbox 805 3871 880 3946; x_wconf 81' lang='grc' dir='ltr'><em>ό·</em></span> <span class='ocrx_word' id='word_1_318' title='bbox 909 3875 1138 3966; x_wconf 82' lang='lat' dir='ltr'><em>spatio</em></span> <span class='ocrx_word' id='word_1_319' title='bbox 1168 3900 1379 3946; x_wconf 85' lang='lat' dir='ltr'><em>motus</em></span> <span class='ocrx_word' id='word_1_320' title='bbox 1389 3874 1507 3961; x_wconf 81' lang='lat' dir='ltr'><em>seu</em></span> <span class='ocrx_word' id='word_1_321' title='bbox 1535 3879 1671 3952; x_wconf 74' lang='lat' dir='ltr'><em>viis</em></span> <span class='ocrx_word' id='word_1_322' title='bbox 1696 3925 1717 3960; x_wconf 88' lang='lat'>‚</span> <span class='ocrx_word' id='word_1_323' title='bbox 1759 3904 1927 3972; x_wconf 85' lang='lat' dir='ltr'><em>quas</em></span> <span class='ocrx_word' id='word_1_324' title='bbox 1958 3901 2119 3948; x_wconf 86' lang='lat' dir='ltr'><em>tenet</em></span> <span class='ocrx_word' id='word_1_325' title='bbox 2154 3874 2388 3950; x_wconf 68' lang='lat' dir='ltr'><em>humor</em></span> <span class='ocrx_word' id='word_1_326' title='bbox 2411 3933 2436 3967; x_wconf 88' lang='lat'>‚</span> <span class='ocrx_word' id='word_1_327' title='bbox 2464 3881 2588 3977; x_wconf 80' lang='lat' dir='ltr'><em>fid</em></span> <span class='ocrx_word' id='word_1_328' title='bbox 2618 3889 2709 3958; x_wconf 85' lang='lat' dir='ltr'><em>iis</em></span> <span class='ocrx_word' id='word_1_329' title='bbox 2781 3917 2866 3965; x_wconf 58' lang='lat' dir='ltr'><em>&amp;a</em></span> <span class='ocrx_word' id='word_1_330' title='bbox 2886 3931 3063 3966; x_wconf 69' lang='lat' dir='ltr'><em>unm</em></span> 
     </span>
     <span class='ocr_line' id='line_1_37' title="bbox 445 3974 3070 4088; baseline 0.006 -49"><span class='ocrx_word' id='word_1_331' title='bbox 445 3976 891 4043; x_wconf 77' lang='lat' dir='ltr'><em>communibus</em></span> <span class='ocrx_word' id='word_1_332' title='bbox 918 3979 1251 4046; x_wconf 76' lang='lat' dir='ltr'><em>duntaxat</em></span> <span class='ocrx_word' id='word_1_333' title='bbox 1270 4006 1296 4044; x_wconf 90' lang='lat'><em>.·</em></span> <span class='ocrx_word' id='word_1_334' title='bbox 1319 4000 1514 4067; x_wconf 85' lang='lat' dir='ltr'><em>neque</em></span> <span class='ocrx_word' id='word_1_335' title='bbox 1549 3978 1718 4044; x_wconf 87' lang='lat' dir='ltr'><em>enim</em></span> <span class='ocrx_word' id='word_1_336' title='bbox 1743 3981 2038 4049; x_wconf 73' lang='lat' dir='ltr'><em>convenit</em></span> <span class='ocrx_word' id='word_1_337' title='bbox 2062 3978 2274 4051; x_wconf 77' lang='lat' dir='ltr'><em>adhuc</em></span> <span class='ocrx_word' id='word_1_338' title='bbox 2301 4001 2419 4051; x_wconf 81' lang='lat' dir='ltr'><em>aut</em></span> <span class='ocrx_word' id='word_1_339' title='bbox 2446 3986 2520 4053; x_wconf 89' lang='lat' dir='ltr'><em>de</em></span> <span class='ocrx_word' id='word_1_340' title='bbox 2550 4008 2708 4056; x_wconf 87' lang='lat' dir='ltr'><em>certo</em></span> <span class='ocrx_word' id='word_1_341' title='bbox 2747 3974 3070 4088; x_wconf 47' lang='grc' dir='ltr'><em>ζζρξζξῗὴ·</em></span> 
     </span>
     <span class='ocr_line' id='line_1_38' title="bbox 428 4069 2913 4169; baseline 0.011 -28"><span class='ocrx_word' id='word_1_342' title='bbox 428 4072 712 4145; x_wconf 81' lang='lat' dir='ltr'><em>termino</em></span> <span class='ocrx_word' id='word_1_343' title='bbox 743 4071 788 4145; x_wconf 70' lang='grc' dir='ltr'><em>ἀ</em></span> <span class='ocrx_word' id='word_1_344' title='bbox 814 4098 938 4169; x_wconf 85' lang='lat' dir='ltr'><em>quo</em></span> <span class='ocrx_word' id='word_1_345' title='bbox 967 4123 998 4163; x_wconf 84' lang='lat'>,</span> <span class='ocrx_word' id='word_1_346' title='bbox 1042 4098 1159 4148; x_wconf 81' lang='lat' dir='ltr'><em>aut</em></span> <span class='ocrx_word' id='word_1_347' title='bbox 1196 4071 1269 4146; x_wconf 87' lang='lat' dir='ltr'><em>de</em></span> <span class='ocrx_word' id='word_1_348' title='bbox 1296 4069 1579 4169; x_wconf 63' lang='lat' dir='ltr'><em>speciali</em></span> <span class='ocrx_word' id='word_1_349' title='bbox 1610 4095 1858 4153; x_wconf 85' lang='lat' dir='ltr'><em>natura</em></span> <span class='ocrx_word' id='word_1_350' title='bbox 1892 4079 2156 4154; x_wconf 73' lang='lat' dir='ltr'><em>mobilis</em></span> <span class='ocrx_word' id='word_1_351' title='bbox 2189 4131 2213 4167; x_wconf 86' lang='lat'>,</span> <span class='ocrx_word' id='word_1_352' title='bbox 2238 4078 2381 4166; x_wconf 73' lang='lat' dir='ltr'><em>five</em></span> <span class='ocrx_word' id='word_1_353' title='bbox 2420 4082 2714 4165; x_wconf 68' lang='lat' dir='ltr'><em>humoris</em></span> <span class='ocrx_word' id='word_1_354' title='bbox 2738 4090 2913 4151; x_wconf 69' lang='lat'><em>&#39;‘²⁰⁶⁵‘’</em></span> 
     </span>
    </p>
   </div>
   <div class='ocr_carea' id='block_1_5' title="bbox 2160 4176 2344 4262">
    <p class='ocr_par' dir='ltr' id='par_1_8' title="bbox 2160 4176 2344 4262">
     <span class='ocr_line' id='line_1_39' title="bbox 2160 4176 2344 4262; baseline 0.033 -7"><span class='ocrx_word' id='word_1_355' title='bbox 2160 4176 2344 4262; x_wconf 82' lang='lat' dir='ltr'><em>Bbb</em></span> 
     </span>
    </p>
   </div>
   <div class='ocr_carea' id='block_1_6' title="bbox 394 3570 456 3594">
    <p class='ocr_par' dir='ltr' id='par_1_9' title="bbox 394 3570 456 3594">
     <span class='ocr_line' id='line_1_40' title="bbox 394 3570 456 3594; baseline 0 0"><span class='ocrx_word' id='word_1_356' title='bbox 394 3570 456 3594; x_wconf 51' lang='grc' dir='ltr'><em>φ</em></span> 
     </span>
    </p>
   </div>
  </div>
 </body>
</html>
