3593 5087
1523 519 1529 524 .
2045 530 2048 533 Α
2578 529 2582 535 ,
2684 464 2806 527 VH

554 534 693 615 esse
716 566 797 616 ac
827 534 1126 643 gloriosa
1152 595 1175 633 ,
1208 531 1613 642 &inprimis
1644 532 1912 641 publice
1940 530 2146 611 utilis.
2172 534 2422 636 Neque
2459 536 2650 613 enim
2675 569 2818 616 tam

563 668 778 717 vanus
807 646 952 715 sum
980 695 1003 733 ,
1041 668 1159 715 aut
1205 641 1670 741 imprudenter
1696 640 1872 710 mihi
1901 637 2219 712 blandior
2246 693 2270 728 ‚
2305 665 2378 711 ut
2407 641 2539 711 hoc
2564 640 2816 732 jussum

561 744 703 813 unzi
727 744 865 813 mei
892 741 1092 813 causa
1113 742 1150 812 ὲ
1178 738 1500 839 singulari
1517 741 1634 812 tua
1655 740 2080 811 humanitate
2108 739 2574 840 propensoque
2602 744 2671 812 in
2703 768 2816 814 me

550 842 786 910 animi
822 839 1064 913 affestu
1112 841 1332 911 solum
1362 835 1700 911 emanasse
1723 840 1898 909 mihi
1927 838 2369 938 persuadeam
2393 891 2415 926 ,
2450 839 2565 911 sed
2588 842 2815 941 potius

544 940 728 1035 quia
751 938 788 1009 ὲ
836 939 1016 1011 fama
1053 966 1132 1011 ac
1177 938 1532 1039 splendore
1565 937 1966 1012 Academia:
1999 937 2239 1009 nostrae
2289 938 2655 1037 prudenter
2681 935 2814 1012 effe

548 1036 912 1110 credidisti
943 1088 971 1119 ,
1025 1036 1141 1110 ubi
1197 1038 1314 1110 ubi
1370 1040 1681 1136 gentium
1745 1038 2157 1110 innotescere
2180 1078 2205 1127 5
2274 1044 2343 1111 ὅ(
2404 1037 2622 1109 resciri
2672 1065 2814 1111 non

562 1136 854 1234 ignavos
887 1138 1263 1234 inertesque
1316 1137 1623 1212 homines
1681 1163 1769 1208 ac.
1807 1138 2175 1237 vulgare5‚
2227 1135 2343 1208 sed
2379 1135 2677 1210 strenuos
2734 1164 2816 1210 ac

554 1236 833 1308 :solertes
875 1236 1277 1336 graviffimis
1307 1238 1377 1306 in
1416 1239 1537 1309 illa
1588 1244 2007 1328 juventutem
2042 1235 2385 1308 edocendi
2428 1235 2816 1310 muneribus

552 1331 835 1433 ‘praeeffe
869 1364 888 1413 ι
924 1343 1160 1410 &non
1186 1335 1611 1408 mediocrem
1644 1337 1725 1406 ea
1779 1336 2042 1405 ratione
2078 1334 2461 1406 liberalium
2516 1338 2762 1407 artium
2788 1390 2815 1424 ,

548 1440 1166 1531 ingenuarumque
1224 1436 1536 1505 omnium
1605 1433 2118 1532 disciplinarum
2177 1436 2676 1532 complemento
2735 1459 2817 1506 ac

559 1531 964 1633 perfectioni
1028 1535 1331 1606 futuram
1391 1532 1831 1605 accessionem
1864 1584 1887 1619 ,
1932 1528 1981 1602 fi
2020 1532 2197 1629 quid
2241 1536 2534 1605 cultores
2578 1558 2816 1606 earum

554 1632 963 1731 praeclarum
1015 1640 1088 1707 δι
1131 1635 1310 1705 utile
1345 1635 1607 1731 ingenii
1639 1635 1708 1706 vi
1736 1634 2203 1727 diuturnaque
2226 1633 2673 1706 meditatione
2690 1633 2817 1705 ad·-

557 1727 963 1806 invenissent
1015 1757 1097 1803 ac
1127 1729 1613 1830 excogitass‘ent
1645 1785 1670 1820 ‚
1715 1729 1893 1802 illud
1935 1730 2196 1830 publici
2228 1731 2420 1804 fieret
2459 1734 2625 1819 juris
2651 1787 2677 1823 ‚
2742 1738 2814 1808 δε

556 1830 718 1907 seris
742 1828 1100 1930 nepotibus
1131 1832 1349 1903 amice
1396 1832 1990 1903 transmitteretur.-

662 1925 798 1999 Sed
825 1932 1012 1999 enim
1051 1929 1216 2001 verb
1244 1954 1328 1999 ex
1350 1929 1638 2001 adverso
1658 1928 1840 2019 (nec
1861 1930 2049 1999 enim
2074 1927 2489 2000 diffimulare
2515 1930 2612 2000 fas
2642 1929 2739 2000 est
2768 1931 2811 2022 )

552 2048 970 2122 quanquam
1020 2048 1138 2096 tua
1195 2026 1316 2096 illa
1344 2027 1784 2126 compellatio
1814 2024 2298 2117 jucundiffima
2349 2025 2593 2096 merito
2630 2026 2760 2098 fuit
2791 2081 2815 2116 ,

557 2148 792 2196 tamen
815 2148 958 2196 non
994 2123 1435 2196 mediocriter
1459 2127 1767 2196 animum
1794 2124 2181 2222 suspensum
2204 2124 2701 2221 sollicitumque
2721 2150 2819 2198 te-

556 2226 714 2293 nuit
747 2252 762 2292 ε
797 2225 1060 2321 quippe
1104 2226 1228 2317 qui
1268 2224 1436 2293 alias
1464 2226 1509 2293 ὲ
1538 2223 1783 2294 natura
1822 2223 2180 2321 primaque
2219 2222 2640 2294 institutione
2676 2249 2820 2296 mo-

558 2318 798 2395 destiae
825 2320 1165 2392 studiosus
1190 2327 1261 2393 &
1286 2345 1642 2420 peramans
1672 2373 1694 2405 ,
1721 2323 1791 2391 in
1842 2322 1925 2391 ea
1952 2345 2270 2418 praeterea
2296 2323 2556 2421 semper
2594 2321 2820 2397 haerefi

555 2415 828 2493 fuissem
852 2419 897 2512 (
923 2419 1223 2491 conscius
1250 2422 1509 2519 quippe
1543 2417 1898 2493 veriverbii
1938 2421 2123 2491 illius
2149 2473 2184 2508 ,.

564 2555 572 2588 τ
764 2523 986 2615 Qua’m
1040 2547 1287 2614 magna
1342 2522 1611 2613 ingenia
1636 2520 1806 2615 soepe'
1848 2521 1927 2590 in
1969 2527 2220 2591 occulto
2262 2526 2464 2593 latent
2491 2523 2529 2594 l
2570 2520 2619 2615 )

560 2617 916 2790 prudentis
963 2613 1094 2691 effe
1122 2620 1418 2690 hominis
1447 2621 1519 2689 in
1563 2616 1850 2691 obscuro
1886 2620 2113 2718 petius
2137 2621 2365 2693 vivere
2385 2673 2408 2708 ,
2443 2621 2658 2717 qu‘am
2687 2621 2820 2696 du·-

2851 1990 2906 2035 ῐιι
2952 1991 3135 2042 edendo·

2855 2045 2939 2095 hoc
2983 2051 3123 2097 Libro

2853 2102 3108 2153 [officit-ado

2855 2164 3077 2219 qnoedm·

616 2719 753 2789 iam
775 2719 1105 2818 aucupari
1138 2719 1311 2790 velle
1346 2717 1604 2788 famam
1624 2724 1752 2805 r&
1787 2718 1985 2790 suum
2017 2743 2269 2791 nomen
2319 2720 2587 2792 incertis
2623 2721 2846 2800 fami-,

562 2816 1121 2915 generationibus
1146 2841 1227 2888 ac
1244 2842 1489 2916 parum
1513 2818 1725 2913 aequis
1748 2815 2062 2907 judiciis,
2082 2843 2158 2888 ut
2175 2818 2306 2888 hoc
2331 2842 2553 2891 aevum
2572 2822 2821 2922 malig-

528 2913 797 2991 'nitatis
822 2923 895 2990 δι
928 2914 1424 2988 maledicentiae
1453 2913 1931 2988 feraciffimum
1959 2916 2055 2988 est
2082 2969 2106 3004 ‚
2140 2942 2492 3018 exponere.

662 3012 890 3110 Atqui
937 3017 1081 3085 haec
1112 3014 1489 3086 versantem
1516 3018 1749 3086 animo
1776 3015 2040 3114 diuque
2086 3018 2370 3116 ancipiti
2418 3013 2852 3094 distraetum-

561 3113 999 3211 cogitatione
1039 3111 1324 3183 tandem
1358 3114 1561 3184 traxit
1584 3114 1625 3194 (
1650 3137 1924 3208 aequum
1956 3114 2134 3187 certe
2179 3118 2275 3188 ita
2301 3117 2431 3190 fuit
2457 3128 2479 3201 )
2510 3117 2819 3219 impulit-

561 3237 705 3308 que
749 3235 835 3283 eo
865 3211 1126 3283 summa
1153 3234 1273 3283 tua
1321 3212 1392 3281 in
1442 3237 1555 3283 me
1599 3214 2022 3300 authoritas,
2062 3238 2137 3286 ut
2179 3241 2335 3288 eam
2381 3242 2657 3389 Ρτοίἓιει
2693 3243 2819 3290 no-
2877 3229 2880 3230 ’

561 3312 771 3384 minis
822 3313 959 3382 mei
998 3309 1495 3384 existimatione
1526 3313 1763 3383 contra
1794 3311 2006 3411 longe
2044 3317 2375 3388 cariorem
2422 3317 2510 3388 ha
2600 3316 2818 3389 ndam

563 3403 700 3484 effe
734 3408 1064 3484 duxerim.
1095 3410 1268 3482 Ecce
1292 3411 1507 3509 igitur
1542 3409 1672 3483 tibi
1704 3413 1886 3484 ultro
1909 3437 2119 3514 pareo
2148 3414 2515 3512 lubensque
2548 3469 2573 3504 ‚
2615 3414 2814 3488 Prin·

563 3533 723 3608 ceps
760 3507 931 3609 Opt.
975 3510 1170 3581 Max.
1232 3515 1304 3583 δι
1344 3512 1644 3612 primum
1699 3512 1962 3611 ingenii
1999 3514 2134 3584 mei
2186 3514 2434 3588 foetum
2470 3515 2565 3585 ad
2621 3538 2810 3587 aram

562 3606 952 3698 Majestatis
972 3633 1104 3681 tuae
1132 3606 1284 3679 sisto
1319 3609 1814 3706 confectoque(
1843 3637 2001 3684 nam
2028 3618 2099 3686 &
2135 3638 2208 3685 tu
2236 3610 2488 3685 amabo
2533 3615 2809 3710 aequiter

564 3705 734 3777 feres
777 3760 802 3795 ,
863 3730 939 3779 ut
985 3706 1289 3780 nostrum
1334 3708 1531 3780 illum
1576 3710 1877 3783 CARom
1929 3709 2072 3783 HI.-
2093 3713 2343 3811 optimi
2372 3711 2472 3779 tui
2514 3715 2810 3810 parentis

564 3803 1060 3879 Macarismum
1126 3805 1252 3879 tibi
1318 3806 1723 3907 pientissimo
1793 3809 1940 3881 filio
1983 3812 2160 3880 olim
2219 3809 2532 3880 dicatum
2560 3860 2584 3895 ,
2644 3816 2811 3907 quia

563 3905 842 3977 alterius
901 3905 1055 4000 styli
1124 3912 1196 3981 &
1270 3910 1657 4005 argumenti
1776 3912 1937 3981 uam
2005 3909 2150 3992 ejus
2203 3957 2228 3992 ‚
2283 3909 2396 3980 cui
2479 3932 2633 3978 mea
2698 3937 2818 3984 me,

563 4001 833 4077 addixit
860 4005 1217 4104 profeffm,
1254 4031 1658 4103 quanquam
1711 3935 1887 4076 arte
1943 4027 2079 4075 non
2112 4005 2489 4104 inglorium
2529 4012 2600 4081 δι
2658 4009 2814 4080 luce

557 4101 935 4207 'mdignum
969 4105 1103 4180 hoc
1150 4130 1458 4208 tempore
1488 4105 1901 4184 diffimulem
1947 4134 1964 4180 z
2015 4102 2265 4182 &verb
2292 4130 2428 4209 ego
2450 4107 2603 4183 satis
2637 4107 2815 4194 mihi

2906 3502 3039 3553 Liber
3099 3503 3178 3555 hie

2848 3562 3181 3680 {32:3⁰5
