3593 5087
784 314 1663 452 PRAEFATio
1794 366 2422 446 OPERIS
2569 312 2716 473 f3

468 524 614 576 non
652 506 724 576 &
758 502 997 574 nostris
1063 504 1354 600 ingeniis
1383 554 1407 587 ,
1466 526 1792 595 tanquam
1830 501 2022 595 equis
2041 551 2065 586 ,
2106 524 2246 593 quo
2280 496 2581 569 lubitum
2635 500 2726 569 est
2832 534 3079 595 figam„

460 612 772 697 cumque
804 603 959 675 vehi
993 654 1017 689 ,
1053 626 1510 701 campumque
1542 606 1611 673 &
1644 600 1993 697 planitiem
2026 600 2236 670 nactis
2267 622 2442 685 ,non
2477 622 2622 667 tam
2648 599 2726 668 iis
2764 591 2960 697 22:12¹·
2992 597 3074 699 ἐξ,

472 700 828 773 adducere
867 699 1160 772 habenas
1184 754 1208 786 ,
1251 701 1461 795 quam
1493 701 1722 769 laxare
1760 704 1830 771 ὅ(
1887 699 2248 771 immittere
2298 698 2478 768 citra
2538 720 2728 767 arro—
2767 708 2913 757 debet·

468 802 736 899 gantiae
791 801 1039 893 crimen
1103 798 1401 871 licebit?

584 896 798 969 Dabis
823 901 1056 994 itaque
1093 899 1289 969 facile
1340 897 1510 968 mihi
1536 950 1563 984 ,
1596 898 1883 970 Candide
1917 891 2143 968 Ledor
2170 947 2193 983 ,
2237 893 2413 965 hanc
2449 922 2579 996 pro
2605 920 2722 970 tua
2764 937 2834 988 ad
2869 936 3078 983 stam.

472 996 808 1093 sapientia
859 1004 930 1071 &
977 998 1393 1070 humanitate
1444 998 1713 1069 veniam
1742 1050 1767 1082 ,
1809 1021 1884 1067 ut
1923 1021 2046 1094 pro
2081 994 2446 1082 libertate,
2510 1023 2725 1092 quam
2762 994 3005 1047 ⁸¹¹⁰‘⁰‘³⁰·

466 1098 650 1168 mihi
696 1121 935 1169 natura
995 1098 1228 1169 insevit
1268 1149 1290 1183 ,
1348 1094 1678 1168 institutio
1714 1094 2070 1182 adolevit,
2135 1094 2595 1194 philosophari
2652 1099 2728 1171 in

464 1193 791 1267 omnibus
823 1196 1117 1293 ingenue
1156 1197 1354 1267 liceat
1376 1248 1398 1282 ,
1432 1201 1503 1267 δὲ
1556 1196 1663 1266 vel
1704 1198 1744 1265 'a
1771 1195 2127 1265 communi
2166 1194 2726 1292 philolbphorum

468 1299 552 1367 δε
586 1292 1015 1366 medicorum
1047 1294 1229 1366 sensu
1257 1293 1616 1365 defle&ere
1656 1320 1737 1364 ea
1762 1294 1918 1390 lege
1947 1318 2024 1364 ut
2054 1346 2076 1378 ,
2116 1289 2163 1361 s1
2190 1294 2537 1365 veritatem
2568 1321 2724 1393 pro-

468 1395 661 1465 xime
712 1387 1003 1489 attigisse
1061 1395 1402 1465 rationum
1459 1392 1719 1463 lumine
1794 1417 1874 1461 ac
1929 1389 2236 1490 pondere
2299 1391 2669 1466 constiterit
2699 1450 2726 1483 ‚

468 1491 673 1585 quod
707 1492 1134 1563 vehementer
1177 1494 1380 1591 cupio
1424 1516 1779 1586 voveoque
1807 1542 1833 1577 ‚
1878 1489 2108 1562 faveas
2155 1515 2497 1588 gratoque
2550 1497 2726 1565 exci-

527 1591 623 1660 ias
666 1590 898 1661 animo
933 1620 947 1660 ε
1004 1587 1099 1661 sm
1129 1615 1362 1662 contra
1408 1617 1519 1662 me
1551 1592 1592 1660 a
1631 1591 1810 1667 recta·
1840 1590 2105 1661 ratione
2145 1592 2489 1662 tantillum
2535 1618 2724 1664 exor-

464 1616 710 1760 bitaffe
732 1742 757 1775 ,
812 1687 1003 1784 quod
1040 1689 1412 1762 humanum
1441 1688 1536 1762 est
1560 1743 1584 1777 ‚
1628 1689 2109 1788 perspicaciore
2151 1688 2416 1774 judicio
2443 1715 2565 1763 tuo
2602 1690 2725 1763 de-

460 1787 907 1888 prehenderis
929 1841 950 1875 ,
987 1812 1060 1861 tu
1100 1787 1343 1862 amabe
1377 1814 1503 1890 pto
1537 1812 1655 1860 tua
1693 1786 2033 1859 modestia
2083 1812 2225 1859 tam
2275 1791 2498 1861 amica
2521 1787 2724 1864 bene-

392 1930 405 1943 .
459 1887 769 1980 'velaque
802 1888 1273 1959 admonitione
1300 1890 1375 1957 in
1407 1888 1662 1961 teclam
1714 1885 1995 1957 reducas
2043 1886 2272 1972 viam,
2300 1914 2515 1981 quam
2563 1914 2721 1988 pro—

476 1985 701 2054 lixum
739 2009 1189 2082 paratumque
1235 1984 1329 2059 ad
1393 1981 2050 2059 animadversionem
2109 2007 2297 2059 tuam
2335 1987 2725 2060 exosculan-

466 2080 648 2153 dam
664 2108 775 2153 me
790 2082 971 2156 ultro
989 2082 1310 2181 spondeo.
1350 2083 1521 2156 'Non
1542 2085 1729 2154 enim
1747 2106 1959 2181 prava
1985 2078 2293 2176 quadam
2317 2079 2728 2183 Pythagorae

460 2206 596 2254 aut
625 2181 1114 2279 Epicureorum
1150 2184 1587 2257 aemulatione
1633 2181 1893 2255 somnia
1917 2177 2243 2273 quaedam
2282 2190 2456 2279 pro·
2499 2186 2727 2276 πυρίαις

456 2277 693 2368 adim
708 2280 1064 2353 venditare
1077 2282 1343 2351 animus
1358 2279 1451 2353 est
1468 2312 1482 2350 ε
1510 2302 1631 2353 aut
1641 2301 1828 2352 tanta
1846 2279 2183 2375 religione
2205 2280 2468 2378 placitis
2484 2281 2723 2355 nostris

454 2380 687 2475 quam
713 2378 1023 2451 Deorum
1072 2380 1561 2455 immortalium
1600 2377 1892 2453 oraculis
1916 2431 1942 2466 ,
1977 2402 2099 2451 aut
2134 2376 2183 2466 J
2187 2378 2720 2454 uris-Consulto-

466 2504 628 2551 rum
658 2476 976 2579 responsis
998 2532 1027 2565 ‚
1069 2474 1397 2556 alst-nsum
1423 2476 1736 2575 obligare
1771 2501 1972 2556 tuum
2001 2478 2337 2577 praesumo
2366 2534 2393 2570 ,
2429 2478 2544 2554 sed
2575 2480 2718 2556 haec

456 2578 977 2674 qualiacunque
1007 2578 1288 2654 tandem
1336 2581 1507 2656 mihi
1552 2582 1708 2655 licet
1743 2577 1981 2652 sedulo
2005 2576 2334 2654 meditata
2384 2605 2716 2676 tanquam

470 2674 691 2750 dubia
721 2730 746 2765 ,
797 2704 879 2750 ea
926 2704 1151 2752 tamen
1184 2703 1324 2749 non
1352 2680 1531 2754 levia
1578 2701 1697 2750 aut
1746 2676 1979 2752 futilia
2005 2728 2028 2762 ‚
2069 2676 2189 2754 sed
2247 2679 2588 2802 ejusmodi
2643 2685 2720 2755 in

466 2802 773 2872 quorum
822 2780 1272 2878 explicatione
1295 2803 1431 2851 non
1462 2775 1871 2876 poenitenda
1895 2801 2190 2876 ponatur
2226 2803 2431 2875 opera
2454 2832 2478 2867 ,
2506 2780 2544 2852 ὲ
2577 2806 2723 2876 qua

474 2877 737 2974 quippe
749 2880 993 2949 veritas
1012 2875 1238 2975 magis
1267 2902 1346 2949 ac
1369 2877 1593 2974 magis
1621 2875 1951 2950 elucescat
1970 2929 1993 2962 ,
2013 2875 2295 2975 proferri
2323 2878 2721 2952 inmedium

475 2976 521 3044 *a
564 2999 675 3046 me
698 2976 963 3048 censeas
987 2976 1233 3048 velim:
1284 2980 1359 3050 ὃς
1401 2975 1562 3052 vero
1583 3030 1606 3064 ‚
1635 3000 1712 3052 ut
1739 2975 2019 3075 Apelles
2051 2999 2133 3049 ac
2155 2972 2537 3070 Polycletus
2563 2980 2722 3052 suas

478 3071 657 3144 olim
713 3071 994 3148 tabellas
1044 3069 1180 3146 sive
1241 3072 1571 3170 imagines
1637 3076 1814 3150 celte
1870 3073 2339 3168 malleumque
2401 3075 2721 3151 manibus

466 3193 776 3246 tenentes
820 3167 1314 3272 propalabant,
1357 3171 1455 3249 ita
1505 3198 1641 3271 ege
1680 3200 1840 3247 cum
1885 3174 1932 3242 s
2062 3172 2181 3276 gia
2219 3178 2295 3250 in
2323 3196 2550 3252 manu
2595 3173 2720 3247 tibi

470 3268 618 3340 haec
656 3266 869 3343 offero
890 3323 918 3357 ,
962 3271 1193 3345 animo
1242 3269 1493 3348 scilicet
1540 3269 1822 3348 delendi
1867 3297 1916 3342 o
1965 3271 2360 3371 linendique
2407 3285 2722 3371 quaeeun-

464 3390 617 3460 que
682 3371 1097 3444 correctione
1182 3393 1263 3440 ae
1332 3371 1544 3448 litura
1609 3397 1815 3471 egere
1856 3367 2265 3450 videbuntur
2293 3428 2320 3462 ,
2381 3397 2457 3447 ut
2497 3372 2624 3465 qni
2669 3367 2716 3443 fi

477 3489 620 3535 non
673 3462 703 3511 ι’
743 3471 1155 3554 aea-imin,
1204 3482 1435 3546 ρει-ιε’
1484 3475 1845 3566 φιλοδοξίας
1879 3477 1956 3550 δι
1985 3467 2019 3517 ‘²
2057 3477 2436 3562 Φιλυιμίις
2480 3490 2712 3543 notam
2800 3549 2805 3553 .

460 3564 771 3640 :maxime
814 3566 1295 3665 pertimescam.

552 3778 592 3818 ι
670 3759 1039 3839 Impermtib.
1089 3717 1402 3841 opinionib.
1538 3729 1545 3740 ¹
1600 3827 1605 3834 .
1662 3723 1671 3740 ⁴
1786 3827 1795 3838 .

548 3839 595 3901 b
676 3837 1027 3906 Novitatum

552 3932 589 3975 c
667 3917 887 3981 Gloriae
1180 3942 1355 3990 amor.

553 3994 597 4054 d
672 3997 949 4064 Victoria
1074 3843 1154 4091 }
1242 4009 1248 4017 ‘
