<?xml version="1.0" encoding="UTF-8"?>
<!DOCTYPE html PUBLIC "-//W3C//DTD XHTML 1.0 Transitional//EN"
    "http://www.w3.org/TR/xhtml1/DTD/xhtml1-transitional.dtd">
<html xmlns="http://www.w3.org/1999/xhtml" xml:lang="en" lang="en">
 <head>
  <title>
</title>
<meta http-equiv="Content-Type" content="text/html;charset=utf-8" />
  <meta name='ocr-system' content='tesseract 3.04.00' />
  <meta name='ocr-capabilities' content='ocr_page ocr_carea ocr_par ocr_line ocrx_word'/>
</head>
<body>
  <div class='ocr_page' id='page_1' title='image "./carolipisonisse00poisgoog_0229.png"; bbox 0 0 3593 5087; ppageno 0'>
   <div class='ocr_carea' id='block_1_1' title="bbox 385 431 2643 664">
    <p class='ocr_par' dir='ltr' id='par_1_1' title="bbox 385 431 2643 664">
     <span class='ocr_line' id='line_1_1' title="bbox 803 431 2643 544; baseline -0.002 -26"><span class='ocrx_word' id='word_1_1' title='bbox 803 436 961 544; x_wconf 54' lang='lat' dir='ltr'><em>A}</em></span> <span class='ocrx_word' id='word_1_2' title='bbox 1090 431 1635 517; x_wconf 79' lang='lat' dir='ltr'>ILLUVIE</span> <span class='ocrx_word' id='word_1_3' title='bbox 1733 431 2242 513; x_wconf 61' lang='lat' dir='ltr'><em>SEROSA&#39;:</em></span> <span class='ocrx_word' id='word_1_4' title='bbox 2500 447 2643 536; x_wconf 79' lang='lat'><em>193&#39;</em></span> 
     </span>
     <span class='ocr_line' id='line_1_2' title="bbox 385 561 2643 664; baseline 0 -26"><span class='ocrx_word' id='word_1_5' title='bbox 385 566 717 664; x_wconf 69' lang='lat' dir='ltr'><em>fiperiore</em></span> <span class='ocrx_word' id='word_1_6' title='bbox 742 571 1040 662; x_wconf 74' lang='lat' dir='ltr'><em>viderunt</em></span> <span class='ocrx_word' id='word_1_7' title='bbox 1063 570 1171 640; x_wconf 90' lang='lat' dir='ltr'><em>M.</em></span> <span class='ocrx_word' id='word_1_8' title='bbox 1200 570 1437 639; x_wconf 80' lang='lat' dir='ltr'><em>Petrus</em></span> <span class='ocrx_word' id='word_1_9' title='bbox 1459 561 1746 637; x_wconf 86' lang='lat' dir='ltr'><em>Barotus</em></span> <span class='ocrx_word' id='word_1_10' title='bbox 1764 621 1786 654; x_wconf 90' lang='lat'>‚</span> <span class='ocrx_word' id='word_1_11' title='bbox 1810 563 2149 641; x_wconf 66' lang='lat' dir='ltr'><em>Doilor&amp;</em></span> <span class='ocrx_word' id='word_1_12' title='bbox 2174 563 2503 660; x_wconf 74' lang='lat' dir='ltr'><em>Proseſjbr</em></span> <span class='ocrx_word' id='word_1_13' title='bbox 2535 574 2643 639; x_wconf 82' lang='lat' dir='ltr'><em>A·</em></span> 
     </span>
    </p>
   </div>
   <div class='ocr_carea' id='block_1_2' title="bbox 311 663 2992 2833">
    <p class='ocr_par' dir='ltr' id='par_1_2' title="bbox 311 663 2959 1947">
     <span class='ocr_line' id='line_1_3' title="bbox 407 663 2642 761; baseline -0.001 -25"><span class='ocrx_word' id='word_1_14' title='bbox 407 672 772 739; x_wconf 81' lang='lat' dir='ltr'><em>natomicus</em></span> <span class='ocrx_word' id='word_1_15' title='bbox 790 671 989 761; x_wconf 79' lang='lat' dir='ltr'><em>nostri</em></span> <span class='ocrx_word' id='word_1_16' title='bbox 1007 669 1312 758; x_wconf 74' lang='lat' dir='ltr'><em>collegii,</em></span> <span class='ocrx_word' id='word_1_17' title='bbox 1335 663 1408 735; x_wconf 67' lang='grc' dir='ltr'><em>ό·</em></span> <span class='ocrx_word' id='word_1_18' title='bbox 1425 669 1534 738; x_wconf 86' lang='grc' dir='ltr'><em>Μ.</em></span> <span class='ocrx_word' id='word_1_19' title='bbox 1551 669 1889 737; x_wconf 84' lang='lat' dir='ltr'><em>Antonius</em></span> <span class='ocrx_word' id='word_1_20' title='bbox 1915 667 2276 759; x_wconf 75' lang='lat' dir='ltr'><em>Chirurgus</em></span> <span class='ocrx_word' id='word_1_21' title='bbox 2296 670 2365 734; x_wconf 92' lang='lat' dir='ltr'><em>in</em></span> <span class='ocrx_word' id='word_1_22' title='bbox 2383 693 2642 760; x_wconf 85' lang='lat' dir='ltr'><em>corpore</em></span> 
     </span>
     <span class='ocr_line' id='line_1_4' title="bbox 402 764 2671 860; baseline -0.002 -24"><span class='ocrx_word' id='word_1_23' title='bbox 402 770 744 858; x_wconf 83' lang='lat' dir='ltr'><em>cujusdam</em></span> <span class='ocrx_word' id='word_1_24' title='bbox 781 764 1116 860; x_wconf 60' lang='lat' dir='ltr'><em>Gorzetfis</em></span> <span class='ocrx_word' id='word_1_25' title='bbox 1144 767 1362 857; x_wconf 84' lang='lat' dir='ltr'><em>oppidi</em></span> <span class='ocrx_word' id='word_1_26' title='bbox 1390 768 1594 833; x_wconf 84' lang='lat' dir='ltr'><em>incole</em></span> <span class='ocrx_word' id='word_1_27' title='bbox 1613 766 1834 837; x_wconf 83' lang='lat' dir='ltr'><em>Jacobi</em></span> <span class='ocrx_word' id='word_1_28' title='bbox 1869 767 2059 836; x_wconf 87' lang='lat' dir='ltr'><em>Loret</em></span> <span class='ocrx_word' id='word_1_29' title='bbox 2097 772 2289 858; x_wconf 73' lang='lat' dir='ltr'><em>longe·</em></span> <span class='ocrx_word' id='word_1_30' title='bbox 2319 778 2468 835; x_wconf 70' lang='lat' dir='ltr'><em>ante</em></span> <span class='ocrx_word' id='word_1_31' title='bbox 2490 770 2671 858; x_wconf 55' lang='grc' dir='ltr'><em>[ταὶ-ι,</em></span> 
     </span>
     <span class='ocr_line' id='line_1_5' title="bbox 397 860 2645 962; baseline 0 -31"><span class='ocrx_word' id='word_1_32' title='bbox 397 869 718 957; x_wconf 76' lang='lat' dir='ltr'><em>pitatione</em></span> <span class='ocrx_word' id='word_1_33' title='bbox 757 868 1116 934; x_wconf 83' lang='lat' dir='ltr'><em>laborantis</em></span> <span class='ocrx_word' id='word_1_34' title='bbox 1137 915 1158 946; x_wconf 86' lang='lat'><em>,</em></span> <span class='ocrx_word' id='word_1_35' title='bbox 1197 860 1586 956; x_wconf 69' lang='lat' dir='ltr'><em>&amp;spirandi</em></span> <span class='ocrx_word' id='word_1_36' title='bbox 1609 862 2028 962; x_wconf 71' lang='lat' dir='ltr'><em>difficultate:</em></span> <span class='ocrx_word' id='word_1_37' title='bbox 2079 866 2149 932; x_wconf 90' lang='lat' dir='ltr'><em>in</em></span> <span class='ocrx_word' id='word_1_38' title='bbox 2173 891 2240 932; x_wconf 88' lang='lat' dir='ltr'><em>eo</em></span> <span class='ocrx_word' id='word_1_39' title='bbox 2260 889 2533 960; x_wconf 88' lang='lat' dir='ltr'><em>namque</em></span> <span class='ocrx_word' id='word_1_40' title='bbox 2548 890 2645 932; x_wconf 92' lang='lat' dir='ltr'><em>re-</em></span> 
     </span>
     <span class='ocr_line' id='line_1_6' title="bbox 397 964 2644 1055; baseline 0.001 -27"><span class='ocrx_word' id='word_1_41' title='bbox 397 987 692 1053; x_wconf 76' lang='lat' dir='ltr'><em>pererunt</em></span> <span class='ocrx_word' id='word_1_42' title='bbox 727 965 1160 1055; x_wconf 61' lang='lat' dir='ltr'><em>pericacdium</em></span> <span class='ocrx_word' id='word_1_43' title='bbox 1206 964 1547 1030; x_wconf 87' lang='lat' dir='ltr'><em>immanem</em></span> <span class='ocrx_word' id='word_1_44' title='bbox 1594 968 1664 1030; x_wconf 88' lang='lat' dir='ltr'><em>in</em></span> <span class='ocrx_word' id='word_1_45' title='bbox 1715 986 2025 1033; x_wconf 87' lang='lat' dir='ltr'><em>tumorem</em></span> <span class='ocrx_word' id='word_1_46' title='bbox 2068 969 2305 1032; x_wconf 88' lang='lat' dir='ltr'><em>elatum</em></span> <span class='ocrx_word' id='word_1_47' title='bbox 2336 966 2644 1055; x_wconf 81' lang='lat' dir='ltr'><em>pluribus</em></span> 
     </span>
     <span class='ocr_line' id='line_1_7' title="bbox 404 1056 2959 1155; baseline 0.001 -28"><span class='ocrx_word' id='word_1_48' title='bbox 404 1063 593 1128; x_wconf 80' lang='lat' dir='ltr'><em>libris</em></span> <span class='ocrx_word' id='word_1_49' title='bbox 638 1087 816 1155; x_wconf 81' lang='lat' dir='ltr'><em>aquae</em></span> <span class='ocrx_word' id='word_1_50' title='bbox 861 1063 1213 1154; x_wconf 85' lang='lat' dir='ltr'><em>distentum.</em></span> <span class='ocrx_word' id='word_1_51' title='bbox 1259 1059 1408 1131; x_wconf 89' lang='lat' dir='ltr'><em>Nec</em></span> <span class='ocrx_word' id='word_1_52' title='bbox 1459 1061 1642 1131; x_wconf 92' lang='lat' dir='ltr'><em>enim</em></span> <span class='ocrx_word' id='word_1_53' title='bbox 1673 1062 1926 1155; x_wconf 33' lang='lat' dir='ltr'><em>mbirum</em></span> <span class='ocrx_word' id='word_1_54' title='bbox 1962 1086 2115 1131; x_wconf 86' lang='lat' dir='ltr'><em>eam</em></span> <span class='ocrx_word' id='word_1_55' title='bbox 2172 1059 2643 1133; x_wconf 87' lang='lat' dir='ltr'>membranam</span> <span class='ocrx_word' id='word_1_56' title='bbox 2672 1056 2959 1107; x_wconf 71' lang='lat' dir='ltr'><em>0¹’s“&#39;·‘³⁰·</em></span> 
     </span>
     <span class='ocr_line' id='line_1_8' title="bbox 400 1154 2645 1259; baseline 0.002 -34"><span class='ocrx_word' id='word_1_57' title='bbox 400 1154 701 1230; x_wconf 86' lang='lat' dir='ltr'><em>distendi</em></span> <span class='ocrx_word' id='word_1_58' title='bbox 746 1157 929 1259; x_wconf 85' lang='lat' dir='ltr'><em>posse</em></span> <span class='ocrx_word' id='word_1_59' title='bbox 963 1157 1197 1231; x_wconf 79' lang='lat' dir='ltr'><em>sensim</em></span> <span class='ocrx_word' id='word_1_60' title='bbox 1227 1156 1359 1229; x_wconf 75' lang='lat' dir='ltr'><em>sine</em></span> <span class='ocrx_word' id='word_1_61' title='bbox 1387 1156 1573 1229; x_wconf 89' lang='lat' dir='ltr'><em>sensu</em></span> <span class='ocrx_word' id='word_1_62' title='bbox 1600 1160 1670 1228; x_wconf 90' lang='lat' dir='ltr'><em>in</em></span> <span class='ocrx_word' id='word_1_63' title='bbox 1691 1186 1845 1230; x_wconf 91' lang='lat' dir='ltr'><em>eam</em></span> <span class='ocrx_word' id='word_1_64' title='bbox 1869 1157 2394 1258; x_wconf 85' lang='lat' dir='ltr'><em>amplitudinem</em></span> <span class='ocrx_word' id='word_1_65' title='bbox 2422 1214 2446 1248; x_wconf 92' lang='lat'><em>‚</em></span> <span class='ocrx_word' id='word_1_66' title='bbox 2498 1163 2645 1231; x_wconf 72' lang='lat' dir='ltr'><em>ciem</em></span> 
     </span>
     <span class='ocr_line' id='line_1_9' title="bbox 397 1256 2644 1353; baseline 0.002 -29"><span class='ocrx_word' id='word_1_67' title='bbox 397 1261 557 1325; x_wconf 79' lang='lat' dir='ltr'><em>olim</em></span> <span class='ocrx_word' id='word_1_68' title='bbox 574 1262 959 1348; x_wconf 70' lang='lat' dir='ltr'><em>observarint</em></span> <span class='ocrx_word' id='word_1_69' title='bbox 980 1261 1051 1327; x_wconf 86' lang='lat' dir='ltr'><em>in</em></span> <span class='ocrx_word' id='word_1_70' title='bbox 1078 1256 1462 1353; x_wconf 61' lang='lat' dir='ltr'><em>Elizabetlza</em></span> <span class='ocrx_word' id='word_1_71' title='bbox 1488 1259 1596 1325; x_wconf 88' lang='lat' dir='ltr'><em>des</em></span> <span class='ocrx_word' id='word_1_72' title='bbox 1616 1258 1863 1328; x_wconf 81' lang='lat' dir='ltr'><em>Bordes</em></span> <span class='ocrx_word' id='word_1_73' title='bbox 1898 1264 2328 1328; x_wconf 83' lang='lat' dir='ltr'><em>membranam</em></span> <span class='ocrx_word' id='word_1_74' title='bbox 2375 1263 2546 1329; x_wconf 85' lang='lat' dir='ltr'><em>renis</em></span> <span class='ocrx_word' id='word_1_75' title='bbox 2572 1262 2644 1329; x_wconf 91' lang='lat' dir='ltr'><em>in</em></span> 
     </span>
     <span class='ocr_line' id='line_1_10' title="bbox 393 1357 2645 1450; baseline 0.003 -28"><span class='ocrx_word' id='word_1_76' title='bbox 393 1381 534 1423; x_wconf 82' lang='lat' dir='ltr'><em>eam</em></span> <span class='ocrx_word' id='word_1_77' title='bbox 560 1358 1041 1450; x_wconf 76' lang='lat' dir='ltr'><em>amplificatam</em></span> <span class='ocrx_word' id='word_1_78' title='bbox 1067 1358 1534 1450; x_wconf 81' lang='lat' dir='ltr'><em>longitudinem</em></span> <span class='ocrx_word' id='word_1_79' title='bbox 1556 1407 1578 1440; x_wconf 89' lang='lat'>,</span> <span class='ocrx_word' id='word_1_80' title='bbox 1606 1380 1740 1450; x_wconf 85' lang='lat' dir='ltr'><em>quoe</em></span> <span class='ocrx_word' id='word_1_81' title='bbox 1770 1357 2132 1450; x_wconf 68' lang='lat' dir='ltr'><em>universam</em></span> <span class='ocrx_word' id='word_1_82' title='bbox 2158 1358 2520 1427; x_wconf 83' lang='lat' dir='ltr'><em>abdominis</em></span> <span class='ocrx_word' id='word_1_83' title='bbox 2544 1386 2645 1428; x_wconf 88' lang='lat' dir='ltr'><em>ca·</em></span> 
     </span>
     <span class='ocr_line' id='line_1_11' title="bbox 311 1452 2647 1552; baseline 0.003 -34"><span class='ocrx_word' id='word_1_84' title='bbox 311 1515 316 1518; x_wconf 84' lang='grc'><em>,</em></span> <span class='ocrx_word' id='word_1_85' title='bbox 386 1457 1018 1547; x_wconf 71' lang='lat' dir='ltr'><em>pacitatemservata</em></span> <span class='ocrx_word' id='word_1_86' title='bbox 1044 1476 1253 1524; x_wconf 83' lang='lat' dir='ltr'><em>tamen</em></span> <span class='ocrx_word' id='word_1_87' title='bbox 1267 1454 1508 1546; x_wconf 68' lang='lat' dir='ltr'><em>figura</em></span> <span class='ocrx_word' id='word_1_88' title='bbox 1537 1452 1756 1523; x_wconf 59' lang='lat' dir='ltr'><em>exade</em></span> <span class='ocrx_word' id='word_1_89' title='bbox 1795 1476 2142 1550; x_wconf 80' lang='lat' dir='ltr'><em>coaequaret</em></span> <span class='ocrx_word' id='word_1_90' title='bbox 2163 1506 2185 1539; x_wconf 90' lang='lat'>‚</span> <span class='ocrx_word' id='word_1_91' title='bbox 2215 1452 2291 1524; x_wconf 75' lang='grc' dir='ltr'><em>ό·</em></span> <span class='ocrx_word' id='word_1_92' title='bbox 2334 1479 2647 1552; x_wconf 82' lang='lat' dir='ltr'><em>quatuor-</em></span> 
     </span>
     <span class='ocr_line' id='line_1_12' title="bbox 390 1550 2647 1649; baseline 0.002 -30"><span class='ocrx_word' id='word_1_93' title='bbox 390 1553 595 1621; x_wconf 86' lang='lat' dir='ltr'><em>decim</em></span> <span class='ocrx_word' id='word_1_94' title='bbox 624 1556 834 1623; x_wconf 82' lang='lat' dir='ltr'><em>libras</em></span> <span class='ocrx_word' id='word_1_95' title='bbox 850 1550 1501 1646; x_wconf 73' lang='lat' dir='ltr'><em>puris’exefi2ftilicet</em></span> <span class='ocrx_word' id='word_1_96' title='bbox 1512 1551 2000 1649; x_wconf 76' lang='lat' dir='ltr'><em>parenchymate</em></span> <span class='ocrx_word' id='word_1_97' title='bbox 2022 1552 2470 1647; x_wconf 68' lang='lat' dir='ltr'><em>&amp;suppurato</em></span> <span class='ocrx_word' id='word_1_98' title='bbox 2492 1582 2647 1624; x_wconf 88' lang='lat' dir='ltr'><em>con-</em></span> 
     </span>
     <span class='ocr_line' id='line_1_13' title="bbox 363 1650 2643 1747; baseline 0.001 -29"><span class='ocrx_word' id='word_1_99' title='bbox 363 1701 366 1708; x_wconf 70' lang='lat'><em>,</em></span> <span class='ocrx_word' id='word_1_100' title='bbox 387 1650 618 1719; x_wconf 72' lang='lat' dir='ltr'><em>cineret</em></span> <span class='ocrx_word' id='word_1_101' title='bbox 637 1700 660 1729; x_wconf 92' lang='lat'><em>,</em></span> <span class='ocrx_word' id='word_1_102' title='bbox 682 1679 798 1721; x_wconf 90' lang='lat' dir='ltr'><em>nec</em></span> <span class='ocrx_word' id='word_1_103' title='bbox 816 1658 896 1721; x_wconf 89' lang='lat' dir='ltr'><em>ab</em></span> <span class='ocrx_word' id='word_1_104' title='bbox 921 1680 987 1721; x_wconf 87' lang='lat' dir='ltr'><em>eo</em></span> <span class='ocrx_word' id='word_1_105' title='bbox 999 1657 1274 1745; x_wconf 85' lang='lat' dir='ltr'><em>pondere</em></span> <span class='ocrx_word' id='word_1_106' title='bbox 1293 1679 1406 1743; x_wconf 82' lang='lat' dir='ltr'><em>per</em></span> <span class='ocrx_word' id='word_1_107' title='bbox 1433 1656 1688 1747; x_wconf 85' lang='lat' dir='ltr'><em>aliquot</em></span> <span class='ocrx_word' id='word_1_108' title='bbox 1711 1679 1923 1722; x_wconf 86' lang='lat' dir='ltr'><em>annos</em></span> <span class='ocrx_word' id='word_1_109' title='bbox 1948 1657 2445 1723; x_wconf 81' lang='lat' dir='ltr'><em>continuitatem</em></span> <span class='ocrx_word' id='word_1_110' title='bbox 2472 1656 2643 1722; x_wconf 85' lang='lat' dir='ltr'><em>ami-</em></span> 
     </span>
     <span class='ocr_line' id='line_1_14' title="bbox 362 1748 2643 1840; baseline 0.002 -23"><span class='ocrx_word' id='word_1_111' title='bbox 362 1748 558 1840; x_wconf 74' lang='lat' dir='ltr'><em>sfft.</em></span> <span class='ocrx_word' id='word_1_112' title='bbox 609 1748 879 1823; x_wconf 84' lang='lat' dir='ltr'><em>Scilicet</em></span> <span class='ocrx_word' id='word_1_113' title='bbox 926 1775 1170 1823; x_wconf 87' lang='lat' dir='ltr'><em>natura</em></span> <span class='ocrx_word' id='word_1_114' title='bbox 1210 1748 1621 1821; x_wconf 70' lang='lat' dir='ltr'><em>membranae</em></span> <span class='ocrx_word' id='word_1_115' title='bbox 1679 1749 1775 1823; x_wconf 91' lang='lat' dir='ltr'><em>est</em></span> <span class='ocrx_word' id='word_1_116' title='bbox 1799 1750 2074 1824; x_wconf 59' lang='lat' dir='ltr'><em>ductilis</em></span> <span class='ocrx_word' id='word_1_117' title='bbox 2099 1758 2169 1826; x_wconf 72' lang='grc' dir='ltr'><em>δι</em></span> <span class='ocrx_word' id='word_1_118' title='bbox 2199 1749 2527 1826; x_wconf 83' lang='lat' dir='ltr'><em>extensilis</em></span> <span class='ocrx_word' id='word_1_119' title='bbox 2566 1753 2643 1822; x_wconf 89' lang='lat' dir='ltr'><em>in</em></span> 
     </span>
     <span class='ocr_line' id='line_1_15' title="bbox 383 1847 1632 1947; baseline 0 -29"><span class='ocrx_word' id='word_1_120' title='bbox 383 1873 670 1919; x_wconf 88' lang='lat' dir='ltr'><em>omnem</em></span> <span class='ocrx_word' id='word_1_121' title='bbox 697 1847 1153 1921; x_wconf 85' lang='lat' dir='ltr'><em>differentiam</em></span> <span class='ocrx_word' id='word_1_122' title='bbox 1175 1849 1373 1947; x_wconf 88' lang='lat' dir='ltr'><em>supra</em></span> <span class='ocrx_word' id='word_1_123' title='bbox 1404 1848 1632 1920; x_wconf 85' lang='lat' dir='ltr'><em>fidem.</em></span> 
     </span>
    </p>

    <p class='ocr_par' dir='ltr' id='par_1_3' title="bbox 374 1945 2992 2833">
     <span class='ocr_line' id='line_1_16' title="bbox 484 1945 2642 2044; baseline -0.002 -25"><span class='ocrx_word' id='word_1_124' title='bbox 484 1951 712 2043; x_wconf 85' lang='lat' dir='ltr'><em>Atqui</em></span> <span class='ocrx_word' id='word_1_125' title='bbox 758 1954 904 2018; x_wconf 74' lang='lat' dir='ltr'><em>cum</em></span> <span class='ocrx_word' id='word_1_126' title='bbox 951 1950 1300 2042; x_wconf 80' lang='lat' dir='ltr'><em>palpitatio</em></span> <span class='ocrx_word' id='word_1_127' title='bbox 1337 1945 1727 2044; x_wconf 74' lang='lat' dir='ltr'><em>poeiffimum</em></span> <span class='ocrx_word' id='word_1_128' title='bbox 1762 1945 2126 2037; x_wconf 83' lang='lat' dir='ltr'><em>succrescat</em></span> <span class='ocrx_word' id='word_1_129' title='bbox 2163 1969 2276 2017; x_wconf 86' lang='lat' dir='ltr'><em>aut</em></span> <span class='ocrx_word' id='word_1_130' title='bbox 2324 1946 2527 2037; x_wconf 72' lang='lat' dir='ltr'><em>dfiro</em></span> <span class='ocrx_word' id='word_1_131' title='bbox 2572 1950 2642 2016; x_wconf 89' lang='lat' dir='ltr'><em>in</em></span> 
     </span>
     <span class='ocr_line' id='line_1_17' title="bbox 385 2042 2645 2137; baseline -0.002 -20"><span class='ocrx_word' id='word_1_132' title='bbox 385 2047 559 2134; x_wconf 65' lang='lat' dir='ltr'><em>rasis</em></span> <span class='ocrx_word' id='word_1_133' title='bbox 571 2044 958 2137; x_wconf 74' lang='lat' dir='ltr'><em>fervescente</em></span> <span class='ocrx_word' id='word_1_134' title='bbox 983 2099 1007 2133; x_wconf 92' lang='lat'><em>‚</em></span> <span class='ocrx_word' id='word_1_135' title='bbox 1062 2042 1137 2116; x_wconf 74' lang='grc' dir='ltr'><em>ό·</em></span> <span class='ocrx_word' id='word_1_136' title='bbox 1171 2047 1314 2113; x_wconf 80' lang='lat' dir='ltr'><em>inde</em></span> <span class='ocrx_word' id='word_1_137' title='bbox 1359 2055 1429 2113; x_wconf 87' lang='lat' dir='ltr'><em>in</em></span> <span class='ocrx_word' id='word_1_138' title='bbox 1484 2048 1701 2114; x_wconf 82' lang='lat' dir='ltr'><em>cordis</em></span> <span class='ocrx_word' id='word_1_139' title='bbox 1713 2043 1916 2130; x_wconf 78' lang='lat' dir='ltr'><em>finus</em></span> <span class='ocrx_word' id='word_1_140' title='bbox 1949 2047 2228 2136; x_wconf 71' lang='lat' dir='ltr'><em>desubito*</em></span> <span class='ocrx_word' id='word_1_141' title='bbox 2269 2046 2579 2132; x_wconf 75' lang='lat' dir='ltr'><em>insiliente</em></span> <span class='ocrx_word' id='word_1_142' title='bbox 2620 2096 2645 2130; x_wconf 88' lang='lat'>,</span> 
     </span>
     <span class='ocr_line' id='line_1_18' title="bbox 385 2144 2992 2250; baseline -0.002 -35"><span class='ocrx_word' id='word_1_143' title='bbox 385 2149 611 2216; x_wconf 81' lang='lat' dir='ltr'><em>autin</em></span> <span class='ocrx_word' id='word_1_144' title='bbox 639 2147 1005 2238; x_wconf 82' lang='lat' dir='ltr'><em>pericardio</em></span> <span class='ocrx_word' id='word_1_145' title='bbox 1064 2163 1357 2213; x_wconf 84' lang='lat' dir='ltr'><em>contento</em></span> <span class='ocrx_word' id='word_1_146' title='bbox 1384 2193 1406 2226; x_wconf 89' lang='lat'>,</span> <span class='ocrx_word' id='word_1_147' title='bbox 1449 2149 1549 2213; x_wconf 75' lang='lat' dir='ltr'><em>vel</em></span> <span class='ocrx_word' id='word_1_148' title='bbox 1596 2144 1868 2236; x_wconf 74' lang='lat' dir='ltr'><em>propria</em></span> <span class='ocrx_word' id='word_1_149' title='bbox 1920 2144 2062 2234; x_wconf 86' lang='lat' dir='ltr'><em>ejus</em></span> <span class='ocrx_word' id='word_1_150' title='bbox 2118 2145 2345 2212; x_wconf 68' lang='lat' dir='ltr'><em>tunica</em></span> <span class='ocrx_word' id='word_1_151' title='bbox 2378 2171 2411 2217; x_wconf 61' lang='lat'><em>3,</em></span> <span class='ocrx_word' id='word_1_152' title='bbox 2449 2144 2644 2212; x_wconf 87' lang='lat' dir='ltr'><em>illam</em></span> <span class='ocrx_word' id='word_1_153' title='bbox 2670 2144 2992 2250; x_wconf 53' lang='lat'><em>{32023122222</em></span> 
     </span>
     <span class='ocr_line' id='line_1_19' title="bbox 378 2217 2991 2337; baseline -0.001 -24"><span class='ocrx_word' id='word_1_154' title='bbox 378 2241 685 2336; x_wconf 83' lang='lat' dir='ltr'><em>quidem</em></span> <span class='ocrx_word' id='word_1_155' title='bbox 710 2242 982 2310; x_wconf 89' lang='lat' dir='ltr'><em>causam</em></span> <span class='ocrx_word' id='word_1_156' title='bbox 1012 2239 1266 2311; x_wconf 89' lang='lat' dir='ltr'><em>subitus</em></span> <span class='ocrx_word' id='word_1_157' title='bbox 1292 2237 1556 2320; x_wconf 86' lang='lat' dir='ltr'><em>indicat</em></span> <span class='ocrx_word' id='word_1_158' title='bbox 1575 2238 1857 2311; x_wconf 80' lang='lat' dir='ltr'><em>insultus</em></span> <span class='ocrx_word' id='word_1_159' title='bbox 1876 2292 1898 2325; x_wconf 91' lang='lat'>‚</span> <span class='ocrx_word' id='word_1_160' title='bbox 1932 2239 2222 2337; x_wconf 89' lang='lat' dir='ltr'><em>pulsatio</em></span> <span class='ocrx_word' id='word_1_161' title='bbox 2246 2242 2645 2310; x_wconf 83' lang='lat' dir='ltr'><em>arteriarum</em></span> <span class='ocrx_word' id='word_1_162' title='bbox 2756 2217 2785 2262; x_wconf 77' lang='lat'><strong>⁸</strong></span> <span class='ocrx_word' id='word_1_163' title='bbox 2969 2233 2991 2258; x_wconf 82' lang='lat'><em>&#39;</em></span> 
     </span>
     <span class='ocr_line' id='line_1_20' title="bbox 385 2332 2646 2436; baseline 0 -27"><span class='ocrx_word' id='word_1_164' title='bbox 385 2339 465 2409; x_wconf 83' lang='lat' dir='ltr'><em>in</em></span> <span class='ocrx_word' id='word_1_165' title='bbox 515 2337 939 2436; x_wconf 83' lang='lat' dir='ltr'><em>temporibus</em></span> <span class='ocrx_word' id='word_1_166' title='bbox 967 2389 989 2422; x_wconf 90' lang='lat'><strong>,</strong></span> <span class='ocrx_word' id='word_1_167' title='bbox 1031 2337 1285 2426; x_wconf 87' lang='lat' dir='ltr'><em>sonitus</em></span> <span class='ocrx_word' id='word_1_168' title='bbox 1320 2332 1683 2430; x_wconf 79' lang='lat' dir='ltr'><em>libilusque</em></span> <span class='ocrx_word' id='word_1_169' title='bbox 1713 2339 1982 2408; x_wconf 88' lang='lat' dir='ltr'><em>aurium</em></span> <span class='ocrx_word' id='word_1_170' title='bbox 2013 2389 2037 2424; x_wconf 89' lang='lat'><strong><em>,</em></strong></span> <span class='ocrx_word' id='word_1_171' title='bbox 2094 2336 2455 2409; x_wconf 87' lang='lat' dir='ltr'><em>oculorum</em></span> <span class='ocrx_word' id='word_1_172' title='bbox 2480 2340 2646 2410; x_wconf 90' lang='lat' dir='ltr'><em>cali-</em></span> 
     </span>
     <span class='ocr_line' id='line_1_21' title="bbox 379 2431 2641 2536; baseline 0.001 -29"><span class='ocrx_word' id='word_1_173' title='bbox 379 2461 489 2536; x_wconf 86' lang='lat' dir='ltr'><em>go</em></span> <span class='ocrx_word' id='word_1_174' title='bbox 517 2488 541 2524; x_wconf 90' lang='lat'><em>,</em></span> <span class='ocrx_word' id='word_1_175' title='bbox 561 2440 568 2444; x_wconf 74' lang='grc'><strong>’</strong></span> <span class='ocrx_word' id='word_1_176' title='bbox 589 2443 663 2510; x_wconf 71' lang='grc' dir='ltr'><em>ὅ(</em></span> <span class='ocrx_word' id='word_1_177' title='bbox 689 2436 1019 2535; x_wconf 89' lang='lat' dir='ltr'><em>repentini</em></span> <span class='ocrx_word' id='word_1_178' title='bbox 1036 2435 1306 2506; x_wconf 87' lang='lat' dir='ltr'><em>dolores</em></span> <span class='ocrx_word' id='word_1_179' title='bbox 1330 2487 1354 2521; x_wconf 87' lang='lat'><em>,</em></span> <span class='ocrx_word' id='word_1_180' title='bbox 1416 2440 1485 2506; x_wconf 72' lang='grc' dir='ltr'><em>ὅ(</em></span> <span class='ocrx_word' id='word_1_181' title='bbox 1512 2433 1728 2506; x_wconf 85' lang='lat' dir='ltr'><em>sensus</em></span> <span class='ocrx_word' id='word_1_182' title='bbox 1766 2431 2054 2507; x_wconf 87' lang='lat' dir='ltr'><em>flatuum</em></span> <span class='ocrx_word' id='word_1_183' title='bbox 2079 2434 2372 2509; x_wconf 85' lang='lat' dir='ltr'><em>diversas</em></span> <span class='ocrx_word' id='word_1_184' title='bbox 2401 2465 2641 2536; x_wconf 87' lang='lat' dir='ltr'><em>perva-</em></span> 
     </span>
     <span class='ocr_line' id='line_1_22' title="bbox 374 2531 2986 2640; baseline 0.001 -33"><span class='ocrx_word' id='word_1_185' title='bbox 374 2536 709 2636; x_wconf 87' lang='lat' dir='ltr'><em>gantium</em></span> <span class='ocrx_word' id='word_1_186' title='bbox 743 2559 1004 2633; x_wconf 83' lang='lat' dir='ltr'><em>partes,</em></span> <span class='ocrx_word' id='word_1_187' title='bbox 1055 2559 1265 2630; x_wconf 66' lang='lat' dir='ltr'><em>quarn</em></span> <span class='ocrx_word' id='word_1_188' title='bbox 1317 2532 1776 2622; x_wconf 52' lang='lat' dir='ltr'><em>conjecturam</em></span> <span class='ocrx_word' id='word_1_189' title='bbox 1821 2532 2185 2605; x_wconf 87' lang='lat' dir='ltr'><em>confirmat</em></span> <span class='ocrx_word' id='word_1_190' title='bbox 2229 2539 2580 2635; x_wconf 84' lang='lat' dir='ltr'><em>temperies</em></span> <span class='ocrx_word' id='word_1_191' title='bbox 2610 2592 2636 2630; x_wconf 88' lang='lat'>‚</span> <span class='ocrx_word' id='word_1_192' title='bbox 2666 2531 2986 2640; x_wconf 46' lang='lat' dir='ltr'><em>ssefflssssfessffi</em></span> 
     </span>
     <span class='ocr_line' id='line_1_23' title="bbox 378 2630 2638 2731; baseline 0.001 -26"><span class='ocrx_word' id='word_1_193' title='bbox 378 2644 454 2713; x_wconf 74' lang='grc' dir='ltr'><em>ὃς</em></span> <span class='ocrx_word' id='word_1_194' title='bbox 486 2634 885 2707; x_wconf 83' lang='lat' dir='ltr'><em>constitutio</em></span> <span class='ocrx_word' id='word_1_195' title='bbox 920 2632 1246 2705; x_wconf 89' lang='lat' dir='ltr'><em>viscerum</em></span> <span class='ocrx_word' id='word_1_196' title='bbox 1275 2631 1365 2703; x_wconf 86' lang='lat' dir='ltr'><em>ad</em></span> <span class='ocrx_word' id='word_1_197' title='bbox 1396 2633 1697 2705; x_wconf 89' lang='lat' dir='ltr'><em>calorem</em></span> <span class='ocrx_word' id='word_1_198' title='bbox 1727 2639 1799 2708; x_wconf 71' lang='grc' dir='ltr'><em>ὅ(</em></span> <span class='ocrx_word' id='word_1_199' title='bbox 1827 2630 2190 2706; x_wconf 79' lang='lat' dir='ltr'><em>siccitatem</em></span> <span class='ocrx_word' id='word_1_200' title='bbox 2218 2659 2433 2731; x_wconf 88' lang='lat' dir='ltr'><em>prona</em></span> <span class='ocrx_word' id='word_1_201' title='bbox 2462 2687 2488 2717; x_wconf 90' lang='lat'><em>,</em></span> <span class='ocrx_word' id='word_1_202' title='bbox 2521 2663 2638 2709; x_wconf 89' lang='lat' dir='ltr'><em>cu-</em></span> 
     </span>
     <span class='ocr_line' id='line_1_24' title="bbox 379 2731 2637 2833; baseline -0 -27"><span class='ocrx_word' id='word_1_203' title='bbox 379 2740 489 2824; x_wconf 80' lang='lat' dir='ltr'><em>jus</em></span> <span class='ocrx_word' id='word_1_204' title='bbox 519 2734 787 2805; x_wconf 87' lang='lat' dir='ltr'><em>indices</em></span> <span class='ocrx_word' id='word_1_205' title='bbox 820 2731 1154 2833; x_wconf 62' lang='lat' dir='ltr'><em>praecipue</em></span> <span class='ocrx_word' id='word_1_206' title='bbox 1188 2731 1338 2804; x_wconf 91' lang='lat' dir='ltr'><em>sunt</em></span> <span class='ocrx_word' id='word_1_207' title='bbox 1379 2734 1654 2829; x_wconf 85' lang='lat' dir='ltr'><em>gracilis</em></span> <span class='ocrx_word' id='word_1_208' title='bbox 1672 2731 1946 2803; x_wconf 87' lang='lat' dir='ltr'><em>habitus</em></span> <span class='ocrx_word' id='word_1_209' title='bbox 1974 2737 2044 2804; x_wconf 74' lang='grc' dir='ltr'><em>δε</em></span> <span class='ocrx_word' id='word_1_210' title='bbox 2075 2735 2637 2830; x_wconf 85' lang='lat' dir='ltr'><em>capillamentum</em></span> 
     </span>
    </p>
   </div>
   <div class='ocr_carea' id='block_1_3' title="bbox 387 2857 2983 3028">
    <p class='ocr_par' dir='ltr' id='par_1_4' title="bbox 387 2857 2983 3028">
     <span class='ocr_line' id='line_1_25' title="bbox 387 2859 702 2905; baseline -0.01 0"><span class='ocrx_word' id='word_1_211' title='bbox 387 2860 462 2905; x_wconf 88' lang='lat' dir='ltr'><em>m</em></span> <span class='ocrx_word' id='word_1_212' title='bbox 526 2859 702 2904; x_wconf 91' lang='lat' dir='ltr'><em>rum.</em></span> 
     </span>
     <span class='ocr_line' id='line_1_26' title="bbox 464 2857 2983 3028; baseline -0.002 -25"><span class='ocrx_word' id='word_1_213' title='bbox 464 2857 594 3003; x_wconf 75' lang='lat' dir='ltr'><em>gAt</em></span> <span class='ocrx_word' id='word_1_214' title='bbox 623 2927 788 3001; x_wconf 77' lang='lat' dir='ltr'><em>vero</em></span> <span class='ocrx_word' id='word_1_215' title='bbox 820 2928 1339 3025; x_wconf 86' lang='lat' dir='ltr'><em>palpitationem</em></span> <span class='ocrx_word' id='word_1_216' title='bbox 1370 2922 1455 2995; x_wconf 89' lang='lat' dir='ltr'><em>ab</em></span> <span class='ocrx_word' id='word_1_217' title='bbox 1501 2923 1685 3020; x_wconf 62' lang='lat' dir='ltr'><em>aqua</em></span> <span class='ocrx_word' id='word_1_218' title='bbox 1741 2929 1813 2998; x_wconf 86' lang='lat' dir='ltr'><em>in</em></span> <span class='ocrx_word' id='word_1_219' title='bbox 1837 2924 2114 3028; x_wconf 67' lang='lat' dir='ltr'><em>capsula</em></span> <span class='ocrx_word' id='word_1_220' title='bbox 2145 2926 2370 2999; x_wconf 83' lang='lat' dir='ltr'><em>cordis</em></span> <span class='ocrx_word' id='word_1_221' title='bbox 2404 2981 2427 3013; x_wconf 89' lang='lat'>‚</span> <span class='ocrx_word' id='word_1_222' title='bbox 2458 2931 2641 3002; x_wconf 84' lang='lat' dir='ltr'><em>tuni·</em></span> <span class='ocrx_word' id='word_1_223' title='bbox 2722 2938 2983 2987; x_wconf 63' lang='grc' dir='ltr'><em>Ροῆετῑοτῑ·</em></span> 
     </span>
    </p>
   </div>
   <div class='ocr_carea' id='block_1_4' title="bbox 368 2996 2817 4278">
    <p class='ocr_par' dir='ltr' id='par_1_5' title="bbox 368 2996 2817 4278">
     <span class='ocr_line' id='line_1_27' title="bbox 377 2996 2817 3122; baseline -0.001 -19"><span class='ocrx_word' id='word_1_224' title='bbox 377 3029 561 3103; x_wconf 65' lang='lat' dir='ltr'><em>cave</em></span> <span class='ocrx_word' id='word_1_225' title='bbox 586 3030 732 3114; x_wconf 85' lang='lat' dir='ltr'><em>ejus</em></span> <span class='ocrx_word' id='word_1_226' title='bbox 760 3026 1036 3122; x_wconf 77' lang='lat' dir='ltr'><em>propria</em></span> <span class='ocrx_word' id='word_1_227' title='bbox 1070 3023 1385 3093; x_wconf 66' lang='lat' dir='ltr'><em>contenta</em></span> <span class='ocrx_word' id='word_1_228' title='bbox 1428 3047 1725 3120; x_wconf 87' lang='lat' dir='ltr'><em>arguunt</em></span> <span class='ocrx_word' id='word_1_229' title='bbox 1778 3028 1936 3097; x_wconf 75' lang='lat' dir='ltr'><em>cum</em></span> <span class='ocrx_word' id='word_1_230' title='bbox 1988 3024 2205 3097; x_wconf 90' lang='lat' dir='ltr'><em>sensus</em></span> <span class='ocrx_word' id='word_1_231' title='bbox 2242 3025 2465 3096; x_wconf 85' lang='lat' dir='ltr'><em>cordis</em></span> <span class='ocrx_word' id='word_1_232' title='bbox 2506 3028 2640 3100; x_wconf 84' lang='lat' dir='ltr'><em>suf-</em></span> <span class='ocrx_word' id='word_1_233' title='bbox 2668 2996 2817 3059; x_wconf 71' lang='lat'>⁵⁸⁰⁸’</span> 
     </span>
     <span class='ocr_line' id='line_1_28' title="bbox 373 3119 2639 3224; baseline 0 -25"><span class='ocrx_word' id='word_1_234' title='bbox 373 3125 761 3199; x_wconf 80' lang='lat' dir='ltr'><em>focationis</em></span> <span class='ocrx_word' id='word_1_235' title='bbox 789 3126 860 3193; x_wconf 89' lang='lat' dir='ltr'><em>in</em></span> <span class='ocrx_word' id='word_1_236' title='bbox 890 3124 1106 3193; x_wconf 90' lang='lat' dir='ltr'><em>multo</em></span> <span class='ocrx_word' id='word_1_237' title='bbox 1136 3119 1429 3193; x_wconf 83' lang='lat' dir='ltr'><em>humido</em></span> <span class='ocrx_word' id='word_1_238' title='bbox 1458 3174 1480 3207; x_wconf 90' lang='lat'>‚</span> <span class='ocrx_word' id='word_1_239' title='bbox 1512 3146 1659 3192; x_wconf 90' lang='lat' dir='ltr'><em>tum</em></span> <span class='ocrx_word' id='word_1_240' title='bbox 1687 3122 1909 3217; x_wconf 82' lang='lat' dir='ltr'><em>pulsus</em></span> <span class='ocrx_word' id='word_1_241' title='bbox 1933 3149 2069 3199; x_wconf 89' lang='lat' dir='ltr'><em>non</em></span> <span class='ocrx_word' id='word_1_242' title='bbox 2097 3123 2276 3196; x_wconf 78' lang='lat' dir='ltr'><em>adeo</em></span> <span class='ocrx_word' id='word_1_243' title='bbox 2299 3151 2594 3224; x_wconf 84' lang='lat' dir='ltr'><em>magnus</em></span> <span class='ocrx_word' id='word_1_244' title='bbox 2611 3182 2639 3217; x_wconf 86' lang='lat'>,</span> 
     </span>
     <span class='ocr_line' id='line_1_29' title="bbox 376 3217 2640 3323; baseline -0.001 -25"><span class='ocrx_word' id='word_1_245' title='bbox 376 3225 763 3302; x_wconf 73' lang='lat' dir='ltr'><em>vehemens</em></span> <span class='ocrx_word' id='word_1_246' title='bbox 830 3226 900 3295; x_wconf 87' lang='lat'>&amp;</span> <span class='ocrx_word' id='word_1_247' title='bbox 952 3220 1371 3307; x_wconf 78' lang='lat' dir='ltr'><em>concitatuS,</em></span> <span class='ocrx_word' id='word_1_248' title='bbox 1427 3217 1765 3313; x_wconf 74' lang='lat' dir='ltr'><em>siquidem</em></span> <span class='ocrx_word' id='word_1_249' title='bbox 1814 3246 1931 3290; x_wconf 89' lang='lat' dir='ltr'><em>cor</em></span> <span class='ocrx_word' id='word_1_250' title='bbox 1992 3248 2129 3294; x_wconf 90' lang='lat' dir='ltr'><em>non</em></span> <span class='ocrx_word' id='word_1_251' title='bbox 2176 3218 2390 3323; x_wconf 85' lang='lat' dir='ltr'><em>potest</em></span> <span class='ocrx_word' id='word_1_252' title='bbox 2430 3224 2640 3300; x_wconf 62' lang='lat' dir='ltr'><em>liberte</em></span> 
     </span>
     <span class='ocr_line' id='line_1_30' title="bbox 376 3315 2640 3424; baseline -0.002 -30"><span class='ocrx_word' id='word_1_253' title='bbox 376 3322 674 3424; x_wconf 76' lang='lat' dir='ltr'><em>spatiari</em></span> <span class='ocrx_word' id='word_1_254' title='bbox 700 3323 767 3391; x_wconf 89' lang='lat' dir='ltr'><em>in</em></span> <span class='ocrx_word' id='word_1_255' title='bbox 793 3318 1134 3416; x_wconf 68' lang='lat' dir='ltr'><em>obstru&amp;2“t</em></span> <span class='ocrx_word' id='word_1_256' title='bbox 1163 3319 1475 3417; x_wconf 63' lang='lat' dir='ltr'><em>capsulfu</em></span> <span class='ocrx_word' id='word_1_257' title='bbox 1535 3319 1678 3387; x_wconf 75' lang='lat' dir='ltr'><em>titm</em></span> <span class='ocrx_word' id='word_1_258' title='bbox 1703 3315 1867 3388; x_wconf 77' lang='lat' dir='ltr'><em>vero</em></span> <span class='ocrx_word' id='word_1_259' title='bbox 1915 3318 2190 3395; x_wconf 51' lang='lat' dir='ltr'><em>affectus</em></span> <span class='ocrx_word' id='word_1_260' title='bbox 2230 3326 2640 3397; x_wconf 85' lang='lat' dir='ltr'><em>continuitas</em></span> 
     </span>
     <span class='ocr_line' id='line_1_31' title="bbox 376 3415 2641 3522; baseline -0.001 -33"><span class='ocrx_word' id='word_1_261' title='bbox 376 3422 909 3522; x_wconf 85' lang='lat' dir='ltr'><em>pertinaciaque</em></span> <span class='ocrx_word' id='word_1_262' title='bbox 955 3418 1044 3490; x_wconf 91' lang='lat' dir='ltr'><em>ob</em></span> <span class='ocrx_word' id='word_1_263' title='bbox 1068 3417 1301 3489; x_wconf 85' lang='lat' dir='ltr'><em>causas</em></span> <span class='ocrx_word' id='word_1_264' title='bbox 1334 3415 1488 3486; x_wconf 73' lang='lat' dir='ltr'><em>ante</em></span> <span class='ocrx_word' id='word_1_265' title='bbox 1521 3439 1928 3487; x_wconf 87' lang='lat' dir='ltr'><em>memoratas</em></span> <span class='ocrx_word' id='word_1_266' title='bbox 1960 3468 1984 3503; x_wconf 89' lang='lat'><strong><em>,</em></strong></span> <span class='ocrx_word' id='word_1_267' title='bbox 2033 3424 2100 3495; x_wconf 88' lang='lat'>&amp;</span> <span class='ocrx_word' id='word_1_268' title='bbox 2126 3417 2456 3494; x_wconf 81' lang='lat' dir='ltr'><em>febricula</em></span> <span class='ocrx_word' id='word_1_269' title='bbox 2483 3423 2641 3490; x_wconf 89' lang='lat' dir='ltr'><em>hec-</em></span> 
     </span>
     <span class='ocr_line' id='line_1_32' title="bbox 375 3507 2638 3612; baseline 0 -23"><span class='ocrx_word' id='word_1_270' title='bbox 375 3520 553 3589; x_wconf 79' lang='lat' dir='ltr'><em>ticae</em></span> <span class='ocrx_word' id='word_1_271' title='bbox 581 3514 862 3612; x_wconf 90' lang='lat' dir='ltr'><em>speciem</em></span> <span class='ocrx_word' id='word_1_272' title='bbox 909 3507 1247 3602; x_wconf 82' lang='lat' dir='ltr'><em>referens&#39;‚</em></span> <span class='ocrx_word' id='word_1_273' title='bbox 1279 3511 1609 3610; x_wconf 79' lang='lat' dir='ltr'><em>liquidem</em></span> <span class='ocrx_word' id='word_1_274' title='bbox 1661 3520 1731 3587; x_wconf 77' lang='grc' dir='ltr'><em>δε</em></span> <span class='ocrx_word' id='word_1_275' title='bbox 1785 3541 1967 3612; x_wconf 87' lang='lat' dir='ltr'><em>aqua</em></span> <span class='ocrx_word' id='word_1_276' title='bbox 2010 3518 2164 3597; x_wconf 87' lang='lat' dir='ltr'><em>loco</em></span> <span class='ocrx_word' id='word_1_277' title='bbox 2212 3520 2409 3592; x_wconf 88' lang='lat' dir='ltr'><em>cordi</em></span> <span class='ocrx_word' id='word_1_278' title='bbox 2456 3516 2638 3590; x_wconf 72' lang='lat' dir='ltr'><em>adeo</em></span> 
     </span>
     <span class='ocr_line' id='line_1_33' title="bbox 368 3612 2635 3715; baseline -0.001 -24"><span class='ocrx_word' id='word_1_279' title='bbox 368 3617 627 3692; x_wconf 89' lang='lat' dir='ltr'><em>vicino</em></span> <span class='ocrx_word' id='word_1_280' title='bbox 675 3614 993 3686; x_wconf 87' lang='lat' dir='ltr'><em>concludi</em></span> <span class='ocrx_word' id='word_1_281' title='bbox 1027 3622 1097 3687; x_wconf 89' lang='lat'>&amp;</span> <span class='ocrx_word' id='word_1_282' title='bbox 1126 3612 1463 3709; x_wconf 89' lang='lat' dir='ltr'><em>quiescere</em></span> <span class='ocrx_word' id='word_1_283' title='bbox 1486 3613 1772 3685; x_wconf 77' lang='lat' dir='ltr'><em>minime</em></span> <span class='ocrx_word' id='word_1_284' title='bbox 1810 3614 2025 3715; x_wconf 89' lang='lat' dir='ltr'><em>potest</em></span> <span class='ocrx_word' id='word_1_285' title='bbox 2049 3671 2073 3705; x_wconf 86' lang='lat'><em>,</em></span> <span class='ocrx_word' id='word_1_286' title='bbox 2139 3620 2308 3713; x_wconf 89' lang='lat' dir='ltr'><em>quin</em></span> <span class='ocrx_word' id='word_1_287' title='bbox 2354 3614 2635 3689; x_wconf 88' lang='lat' dir='ltr'><em>tandem</em></span> 
     </span>
     <span class='ocr_line' id='line_1_34' title="bbox 369 3708 2633 3815; baseline -0.002 -28"><span class='ocrx_word' id='word_1_288' title='bbox 369 3738 716 3815; x_wconf 80' lang='lat' dir='ltr'><em>putorem</em></span> <span class='ocrx_word' id='word_1_289' title='bbox 743 3708 1101 3784; x_wconf 85' lang='lat' dir='ltr'><em>contrahat</em></span> <span class='ocrx_word' id='word_1_290' title='bbox 1123 3766 1147 3800; x_wconf 92' lang='lat'><em>‚</em></span> <span class='ocrx_word' id='word_1_291' title='bbox 1198 3719 1267 3786; x_wconf 71' lang='grc' dir='ltr'><em>ὅ(</em></span> <span class='ocrx_word' id='word_1_292' title='bbox 1302 3712 1461 3785; x_wconf 74' lang='lat' dir='ltr'><em>vero</em></span> <span class='ocrx_word' id='word_1_293' title='bbox 1499 3739 1614 3784; x_wconf 86' lang='lat' dir='ltr'><em>cor</em></span> <span class='ocrx_word' id='word_1_294' title='bbox 1633 3739 1792 3785; x_wconf 88' lang='lat' dir='ltr'><em>eam</em></span> <span class='ocrx_word' id='word_1_295' title='bbox 1826 3716 2256 3813; x_wconf 88' lang='lat' dir='ltr'><em>putredinem</em></span> <span class='ocrx_word' id='word_1_296' title='bbox 2297 3713 2469 3784; x_wconf 88' lang='lat' dir='ltr'><em>ferre</em></span> <span class='ocrx_word' id='word_1_297' title='bbox 2515 3740 2633 3786; x_wconf 54' lang='lat' dir='ltr'><em>neq-</em></span> 
     </span>
     <span class='ocr_line' id='line_1_35' title="bbox 371 3808 2631 3911; baseline 0 -26"><span class='ocrx_word' id='word_1_298' title='bbox 371 3816 543 3911; x_wconf 89' lang='lat' dir='ltr'><em>quit</em></span> <span class='ocrx_word' id='word_1_299' title='bbox 593 3812 768 3908; x_wconf 73' lang='lat' dir='ltr'><em>quin</em></span> <span class='ocrx_word' id='word_1_300' title='bbox 818 3810 1098 3886; x_wconf 84' lang='lat' dir='ltr'><em>viciffim</em></span> <span class='ocrx_word' id='word_1_301' title='bbox 1145 3812 1493 3885; x_wconf 87' lang='lat' dir='ltr'><em>recalescat</em></span> <span class='ocrx_word' id='word_1_302' title='bbox 1551 3838 1785 3910; x_wconf 83' lang='lat' dir='ltr'><em>praeter</em></span> <span class='ocrx_word' id='word_1_303' title='bbox 1842 3834 2175 3884; x_wconf 86' lang='lat' dir='ltr'><em>naturam.</em></span> <span class='ocrx_word' id='word_1_304' title='bbox 2208 3808 2631 3887; x_wconf 84' lang='lat' dir='ltr'><em>Coindicant</em></span> 
     </span>
     <span class='ocr_line' id='line_1_36' title="bbox 372 3906 2624 4011; baseline -0 -28"><span class='ocrx_word' id='word_1_305' title='bbox 372 3937 618 3983; x_wconf 89' lang='lat' dir='ltr'><em>autem</em></span> <span class='ocrx_word' id='word_1_306' title='bbox 643 3910 983 4001; x_wconf 86' lang='lat' dir='ltr'><em>ejusmodi</em></span> <span class='ocrx_word' id='word_1_307' title='bbox 1013 3910 1281 3983; x_wconf 89' lang='lat' dir='ltr'><em>causam</em></span> <span class='ocrx_word' id='word_1_308' title='bbox 1315 3908 1499 3982; x_wconf 87' lang='lat' dir='ltr'><em>tabes</em></span> <span class='ocrx_word' id='word_1_309' title='bbox 1528 3912 1828 4009; x_wconf 91' lang='lat' dir='ltr'><em>corporis</em></span> <span class='ocrx_word' id='word_1_310' title='bbox 1843 3964 1866 3996; x_wconf 87' lang='lat'><em>‚</em></span> <span class='ocrx_word' id='word_1_311' title='bbox 1886 3913 1979 4011; x_wconf 64' lang='grc' dir='ltr'><em>ἐς</em></span> <span class='ocrx_word' id='word_1_312' title='bbox 2009 3906 2306 4004; x_wconf 85' lang='lat' dir='ltr'><em>spirandi</em></span> <span class='ocrx_word' id='word_1_313' title='bbox 2334 3906 2624 3982; x_wconf 85' lang='lat' dir='ltr'><em>difficul-</em></span> 
     </span>
     <span class='ocr_line' id='line_1_37' title="bbox 372 4004 2629 4106; baseline -0 -24"><span class='ocrx_word' id='word_1_314' title='bbox 372 4033 484 4082; x_wconf 83' lang='lat' dir='ltr'><em>tas</em></span> <span class='ocrx_word' id='word_1_315' title='bbox 509 4064 533 4095; x_wconf 90' lang='lat'>‚</span> <span class='ocrx_word' id='word_1_316' title='bbox 566 4008 751 4081; x_wconf 82' lang='lat' dir='ltr'><em>tabes</em></span> <span class='ocrx_word' id='word_1_317' title='bbox 804 4008 1088 4106; x_wconf 85' lang='lat' dir='ltr'><em>quidem</em></span> <span class='ocrx_word' id='word_1_318' title='bbox 1146 4038 1363 4106; x_wconf 87' lang='lat' dir='ltr'><em>eaque</em></span> <span class='ocrx_word' id='word_1_319' title='bbox 1404 4007 1538 4079; x_wconf 77' lang='lat' dir='ltr'><em>sine</em></span> <span class='ocrx_word' id='word_1_320' title='bbox 1597 4006 1800 4076; x_wconf 73' lang='lat' dir='ltr'><em>causa</em></span> <span class='ocrx_word' id='word_1_321' title='bbox 1843 4004 2198 4079; x_wconf 62' lang='lat' dir='ltr'><em>manifesta</em></span> <span class='ocrx_word' id='word_1_322' title='bbox 2221 4062 2245 4096; x_wconf 92' lang='lat'><em>‚</em></span> <span class='ocrx_word' id='word_1_323' title='bbox 2285 4005 2629 4081; x_wconf 80' lang='lat' dir='ltr'><em>febriculae</em></span> 
     </span>
     <span class='ocr_line' id='line_1_38' title="bbox 379 4102 2627 4278; baseline 0 -97"><span class='ocrx_word' id='word_1_324' title='bbox 379 4105 646 4211; x_wconf 80' lang='lat' dir='ltr'><em>scilicet</em></span> <span class='ocrx_word' id='word_1_325' title='bbox 685 4107 863 4219; x_wconf 69' lang='lat' dir='ltr'><em>illius</em></span> <span class='ocrx_word' id='word_1_326' title='bbox 890 4115 959 4185; x_wconf 78' lang='grc' dir='ltr'><em>δι</em></span> <span class='ocrx_word' id='word_1_327' title='bbox 1007 4109 1150 4184; x_wconf 70' lang='lat' dir='ltr'><em>fere</em></span> <span class='ocrx_word' id='word_1_328' title='bbox 1172 4102 1729 4208; x_wconf 83' lang='lat' dir='ltr'><em>imperceptibilis</em></span> <span class='ocrx_word' id='word_1_329' title='bbox 1755 4129 1978 4183; x_wconf 87' lang='lat' dir='ltr'><em>comes</em></span> <span class='ocrx_word' id='word_1_330' title='bbox 1998 4105 2108 4278; x_wconf 70' lang='grc' dir='ltr'><em>,ΒΓ</em></span> <span class='ocrx_word' id='word_1_331' title='bbox 2143 4107 2369 4187; x_wconf 86' lang='lat' dir='ltr'><em>irandi</em></span> <span class='ocrx_word' id='word_1_332' title='bbox 2399 4133 2627 4187; x_wconf 84' lang='lat' dir='ltr'><em>autem</em></span> 
     </span>
    </p>
   </div>
  </div>
 </body>
</html>
