3593 5087
933 381 983 459 8
1380 316 1977 454 SECTI·O
2103 374 2677 466 PRIMA,-

934 509 1264 581 'violenter
1335 531 1413 575 ac
1488 510 1691 578 etiam
1764 508 2158 603 frangendis
2213 512 2512 609 corporis
2594 500 2873 598 objeffls
2912 509 3164 589 fluxum·

936 612 1079 693 ejus
1121 601 1587 678 cohibentibus
1614 633 1693 676 ac
1724 605 2094 677 sistentibus
2121 660 2143 694 ,
2181 605 2308 681 slve
2338 611 2407 679 in
2441 606 2884 680 deturbandis
2920 607 3171 677 secum—

935 729 1070 796 que
1120 701 1561 803 deportandis
1589 703 1982 804 corporibus
2037 705 2254 777 craffis
2279 733 2358 776 ac
2387 704 2707 804 gravibus
2732 704 2917 779 verbi
2947 698 3173 800 gratia

936 804 1184 902 lapillis
1218 856 1240 890 ‚
1273 801 1525 874 nedum
1581 804 1869 875 arenulis
1898 857 1920 888 ‚
1974 802 2104 874 sive
2141 806 2211 873 in
2240 802 2543 876 eluendis
2585 796 3178 900 abstergendisque

576 932 879 988 confirmado
936 903 1131 973 lentis
1166 909 1233 975 ὃ(
1256 902 1560 1001 apprime
1593 900 1991 973 haerentibus
2025 900 2420 974 humoribus
2449 901 2755 974 indicant
2773 896 3176 988 manifeste)

578 997 838 1105 2232¹³gd
872 994 897 1037 ³
937 1000 983 1072 fi
1020 1027 1229 1100 parva
1274 1003 1432 1072 licet
1465 1026 1872 1101 componete
1923 1003 2193 1098 magnis
2237 1054 2261 1088 ‚
2314 1002 2522 1072 ruinae
2563 1000 2860 1096 riparum
2890 1051 2914 1084 ,
2963 1024 3182 1095 agge-

578 1111 745 1157 minua.
938 1127 1090 1172 rum
1148 1125 1607 1187 terrenorum,
1652 1108 1722 1173 &
1769 1099 2216 1174 aedificiorum
2239 1153 2264 1188 ,
2300 1124 2470 1197 quas
2509 1094 2871 1171 fluminum
2913 1095 3178 1171 diluvia

937 1198 1526 1275 &inundationes
1577 1199 1925 1272 invehunt.

1226 1302 1545 1380 Wdimus
1570 1303 1844 1395 flavum
1899 1298 2178 1370 Tiberim
2212 1299 2467 1371 retortis

1237 1400 1490 1473 Linon
1522 1402 1828 1489 Hetrusco
1881 1401 2187 1469 violenter
2219 1400 2417 1468 undas

1236 1502 1333 1567 Ire
1369 1494 1667 1589 deJ'qum
1694 1518 2105 1565 monumenta
2149 1499 2360 1588 Regis

1276 1606 1279 1607 ’
1737 1596 2117 1687 Templaque
2145 1594 2226 1661 V
2218 1595 2367 1687 estae.
2403 1590 2651 1664 Horat.

1038 1694 1232 1767 Nam
1290 1692 1463 1788 quid
1492 1693 1716 1764 ruinas
1747 1716 1916 1786 quas
1947 1690 2168 1761 secum
2207 1692 2480 1761 trahunt
2521 1686 2919 1762 torrentium
2969 1715 3190 1786 aqua·

943 1820 1097 1867 rum
1152 1792 1517 1893 praecipites
1560 1817 1639 1865 ex
1683 1790 1823 1865 alto
1860 1789 2045 1863 casus
2091 1788 2448 1887 cursusque
2485 1783 2739 1861 necesse
2784 1788 2879 1862 est
2924 1814 3190 1862 memo-

946 1897 1141 1966 rare?
2460 1965 2468 1969 ,

1644 1989 1958 2082 Rapidus
2019 2009 2324 2058 montano
2334 1987 2624 2084 flumine
2648 2010 2898 2057 torrens

1144 2092 1388 2159 Sternit
1418 2113 1617 2181 agros
1644 2139 1665 2173 ,
1696 2091 1935 2181 sternit
1943 2083 2102 2178 sata
2136 2095 2283 2156 loeta
2350 2092 2657 2183 boumque
2684 2091 2935 2158 labores
2964 2129 2993 2169 ‚

1142 2188 1632 2282 Praecipitesque
1663 2186 1865 2258 trahit
1870 2184 2133 2285 sylvas.
2207 2184 2456 2287 Virgil.

942 2283 1139 2381 quod
1186 2283 1234 2355 fi
1283 2283 1583 2380 denique

1240 2385 1485 2475 Saepius
1532 2384 1743 2456 ventis
1781 2383 2076 2475 agitatur
2123 2381 2352 2473 ingens

1245 2483 1470 2555 Pinus
1497 2530 1521 2567 ,
1577 2477 1651 2552 ό·
1685 2478 1829 2570 cels
1814 2504 1864 2549 ιε
1918 2486 2216 2572 graviore
2244 2476 2398 2565 casu

1251 2580 1588 2653 Decidunt
1626 2601 1854 2650 turres.
1889 2579 2134 2650 Horat.
3183 2657 3186 2662 ⁵

955 2706 1042 2752 an
1064 2705 1202 2751 non
1231 2702 1425 2775 aquae
1457 2679 1526 2748 in
1552 2678 1853 2750 humano
1905 2702 2191 2776 corpore
2242 2699 2601 2749 commotae
2643 2675 2901 2778 impetu
2928 2675 3205 2752 concuti

949 2779 1363 2879 percellique
1419 2783 1490 2850 &
1546 2776 1976 2851 vehementer
2051 2775 2518 2873 violenterque
2570 2774 2866 2873 distendi
2935 2773 3210 2877 poffunt

950 2875 1423 2950 membranosa
1459 2900 1745 2976 corpora
1779 2880 1812 2950 ?

596 3003 739 3065 Aque
766 3001 809 3049 ει
829 2996 918 3047 seri
1052 2976 1231 3066 Quae
1255 2980 1413 3048 cum
1452 2976 1549 3047 ita
1592 2972 1717 3048 fint
1745 3029 1769 3063 ‚
1796 2976 2048 3047 mirum
2079 2973 2234 3046 sane
2262 2972 2483 3048 videri
2505 2999 2645 3048 non
2676 2969 2874 3045 debet
2897 2974 3214 3047 innume-

590 3065 919 3165 Ξζωζῗζξοῖζ.
957 3103 1031 3148 ra
1062 3074 1429 3149 affectuum
1464 3100 1716 3174 genera
1757 3074 2108 3145 hominem
2152 3073 2464 3146 infestare
2495 3074 2694 3165 dfiro
2711 3069 2853 3159 five
2886 3099 3065 3169 etqua
3093 3100 3209 3146 ea-

600 3191 790 3281 }'ffim
850 3175 919 3220 ⁸¹·
959 3202 1093 3272 que
1127 3177 1195 3247 in
1225 3199 1458 3274 parte,
1496 3175 1604 3246 seu
1634 3172 1851 3274 spatio
1877 3226 1902 3261 ,
1939 3199 2159 3269 eoque
2195 3169 2487 3243 naturali
2514 3195 2632 3241 aut
2671 3195 2810 3244 non
2853 3172 3153 3240 naturali
3194 3224 3221 3259 ,

639 3250 795 3331 “⁸:²⁹⁸
845 3246 923 3294 ⁸⁹-
959 3275 1066 3349 vel
1133 3271 1443 3353 desubito,
1493 3278 1564 3346 &
1612 3272 1971 3344 confertim
2023 3268 2382 3343 invadente
2438 3266 2668 3366 sponte
2735 3289 2852 3337 aut
2919 3263 3005 3336 ab
3068 3267 3213 3338 alio

960 3374 1346 3475 compulsa,
1385 3369 1518 3447 sive
1563 3370 1822 3444 sublata
1854 3422 1880 3460 ,
1922 3367 2052 3444 five
2098 3367 2369 3440 detrusa
2416 3359 2856 3464 depressaque
2884 3416 2907 3450 ‚
2963 3390 3043 3435 ae
3095 3392 3216 3462 eaf-

950 3473 1126 3562 Jdem
1173 3471 1584 3574 putrescente
1617 3524 1642 3559 ,
1672 3496 1790 3543 aut
1819 3468 2114 3544 fervente
2141 3468 2417 3539 aliterve
2449 3462 2686 3536 affesta
2713 3517 2738 3552 ,
2768 3461 3068 3558 denique
3087 3461 3216 3535 fin·-

964 3598 1118 3644 cera
1159 3626 1184 3661 ,
1244 3569 1658 3664 confusaque
1701 3595 1779 3641 ac
1833 3570 2164 3672 permixta
2191 3562 2324 3639 five
2349 3591 2508 3636 cum
2551 3563 2841 3636 arenulis
2880 3558 3217 3635 sordibus-

956 3667 961 3678 ’
1019 3695 1102 3740 ue
1133 3672 1406 3744 terrenis
1439 3723 1461 3757 ,
1524 3668 1652 3741 five
1696 3695 1855 3740 cum
1911 3663 2255 3738 ichoribus
2301 3665 2717 3751 humorum,
2757 3663 2880 3759 qui
2926 3656 3217 3733 maffam

735 3845 738 3850 ,
774 3845 781 3850 ,
896 3844 905 3852 ,
965 3694 1411 3864 iianguineam
1436 3765 1774 3855 conflant,
1831 3763 1961 3839 sive
1996 3790 2156 3835 cum
2198 3765 2347 3836 aliis
2396 3762 2602 3835 succis
2652 3760 3165 3860 excrementitiis
3202 3813 3229 3846 ,

787 3879 793 3884 ’
854 3865 858 3872 ’
972 3863 1084 3954 seu
1119 3867 1418 3963 reliquiis
1463 3895 1540 3941 ex
1572 3867 1936 3940 nutritione
1983 3863 2373 3963 particulari
2398 3858 2857 3933 membrorum
2901 3855 3219 3959 supersti-

616 3960 1152 4079 ¹⁸³{34111121012214tibus
1198 3963 1687 4058 succrescentia.
1736 3962 1998 4035 Scilicet
2037 3965 2193 4033 cum
2252 3963 2625 4033 humanum
2684 3981 2925 4057 corpus
2975 3952 3221 4026 consti·

619 4086 783 4142 „ihu--
813 4083 941 4138 cont·
982 4085 1209 4148 tuatur
1263 4089 1351 4146 ex
1402 4062 1607 4146 tribus
1649 4067 2014 4157 ventribus,
2060 4064 2263 4159 capite
2268 4061 2524 4153 scilicet
2555 4111 2582 4153 ,
2614 4056 2866 4136 thorace
2928 4054 3227 4160 abdomij

974 4171 991 4181 “
1054 4193 1061 4198 ·
1540 4169 1545 4170 ’
1935 4196 1954 4203 ·
2371 4167 2378 4172 ’
2971 4175 3166 4246 neque
3200 4196 3230 4237 ‚
