3593 5087
550 1190 557 1197 ’
606 1200 819 1259 Pannys-

516 1291 519 1294 ι
556 1275 679 1329 qum
713 1260 875 1330 epilep-

556 1332 697 1362 ticum
740 1334 872 1376 paru·

919 371 1065 455 '1'40
1213 350 1613 430 Monm
1696 295 2214 432 CAP1r1s
2290 288 2849 432 ruri-:nm

921 487 1087 556 oriri
1144 486 1365 583 capite
1419 513 1534 587 per
1590 488 1978 562 confensum
2034 494 2258 578 uteri,
2301 493 2713 580 ventriculi,
2788 490 2979 566 lienis
3030 501 3156 570 aut'

917 586 1207 655 aliorum
1233 584 1563 657 viscerum
1590 585 1956 680 laborante.
1989 596 2329 664 Holleriu's
2352 592 2704 689 complura
2738 616 2976 663 eorum
3002 618 3158 664 nar-

914 705 1020 751 rat
1046 681 1355 782 exempla
1382 717 1408 772 ·‚
1473 684 1719 782 quibus
1770 688 1927 757 ante
1990 692 2198 762 totius
2242 692 2540 788 corporis
2600 689 2831 761 casum
2870 699 2939 764 δε
2983 719 3147 765 con-

914 779 1280 852 cuffionem
1321 784 1582 855 humeri
1625 786 2001 876 articulus·‚
2046 788 2404 870 brachium
2434 841 2457 874 ,
2514 787 2703 874 sura,
2760 790 3022 885 digitus
3081 793 3150 862 in

911 903 1120 947 manu
1151 904 1321 951 unus
1352 884 1457 953 vel
1483 884 1744 981 plures,
1789 909 1909 954 aut
1935 912 2087 983 pars
2124 889 2354 982 aliqua
2391 888 2460 955 in
2488 886 2758 983 peclore
2781 912 2941 958 cum
2966 913 3154 960 aurae

909 978 1121 1048 veluti
1186 977 1547 1067 cujusdam
1602 981 2014 1055 ascendentis
2063 986 2252 1056 sensu
2337 984 2878 1057 convellerentur
2952 989 3153 1085 gutta

910 1078 1226 1174 crampz‘i,
1283 1103 1402 1148 aut
1447 1104 1829 1152 tremerent.
2043 1089 2070 1100 '*
2839 1104 2846 1110 ’

1016 1176 1358 1272 Equidem
1407 1177 1874 1252 tametfifultro
1906 1181 2117 1252 fatear
2168 1203 2524 1282 appetente
2578 1181 2980 1281 paroxysmo
3015 1186 3150 1281 epi*

918 1278 1163 1373 leprico
1198 1278 1704 1352 convulsionem
1732 1281 2214 1377 particularem
2246 1282 2535 1369 alicujus
2569 1278 2854 1351 membri
2888 1279 3018 1354 five
3043 1283 3148 1353 di-

552 1376 878 1422 ‘⁰¹²‘⁵⁸·¹³‘¹²·
916 1377 1043 1477 giti
1073 1428 1096 1462 ,
1174 1376 1302 1451 five
1352 1375 1611 1462 brachii
1666 1378 2111 1454 universalem
2177 1380 2413 1464 illam,
2471 1403 2625 1473 quae
2688 1381 2925 1478 capitis
2969 1382 3041 1449 in
3087 1382 3152 1452 se

551 1431 621 1488 ju·
693 1435 876 1482 membri

557 1490 790 1538 convulfio

551 1547 782 1607 precedit.

914 1478 1448 1548 contradiionem
1496 1478 1794 1573 sequitur
1827 1530 1850 1564 ,
1892 1502 2050 1548 ante
2094 1503 2334 1576 capere
2378 1478 2698 1547 latentem
2729 1477 3152 1573 quandoque

912 1574 1001 1647 ob
1027 1574 1299 1646 causam
1334 1628 1356 1661 ,
1410 1575 1667 1647 nedum
1713 1574 1804 1647 ob
1834 1576 2078 1649 vulnus
2119 1575 2274 1647 ferae
2321 1599 2666 1649 venenatae
2691 1628 2716 1662 ,
2772 1600 2980 1645 tamen
3007 1581 3149 1648 cum

913 1677 1058 1745 illis
1093 1678 1162 1742 in
1191 1678 1486 1770 partibus
1528 1683 1786 1758 nullum
1817 1673 2091 1767 irfignis
2116 1678 2479 1768 putredinis
2483 1673 2754 1767 stgnum
2770 1675 2862 1766 fi.
2877 1678 3164 1769 prodat,

854 1853 863 1860 ,
913 1771 1242 1846 &revera
1281 1775 1618 1846 Hollerius
1660 1800 1793 1842 non
1839 1774 2113 1871 affirmet
2159 1798 2267 1843 eas
2317 1797 2538 1867 partes
2568 1825 2589 1858 ,
2644 1777 2807 1843 unde
2869 1775 3153 1868 primum

911 1873 1235 1961 convulsto
1260 1874 1595 1965 inciperet,
1633 1875 1799 1944 vitio
1827 1877 2051 1968 aliquo
2059 1869 2177 1963 stu
2218 1872 2444 1967 affedu
2464 1895 2706 1965 praeterr
2727 1896 3035 1943 naturam
3053 1881 3156 1943 Ia·-

909 1971 1145 2065 boraffi
1164 2024 1186 2056 ,
1229 2000 1343 2042 cur
1373 1978 1453 2040 ab
1487 1972 1575 2041 iis
1607 1975 1902 2062 partibus
1934 1974 2203 2061 integris
2236 1969 2517 2061 &stiriis
2567 1970 2714 2039 loedi
2742 1994 2934 2064 caput
2965 1969 3158 2059 cense-

909 2076 1119 2140 bimus
1140 2077 1177 2136 P
1202 2098 1282 2141 ac
1307 2096 1436 2139 non
1452 2072 1676 2163 potius
1712 2073 1937 2140 comni
1966 2070 2203 2162 capitis
2231 2065 2650 2138 contraffioni
2672 2074 3004 2163 incipienti
3030 2075 3160 2140 ali-

912 2172 1083 2268 quod
1120 2175 1459 2238 membrum
1491 2197 1551 2241 ν.
1576 2196 1637 2262 g.
1672 2171 1952 2261 digitum
1976 2169 2167 2261 prius
2225 2171 2501 2260 compati
2527 2221 2550 2254 ,
2608 2173 2800 2263 qua'm
2846 2191 3048 2238 totum
3083 2173 3155 2238 in

912 2266 1278 2362 eonsensum
1315 2267 1488 2336 trahi
1515 2287 1559 2343 ,··
1614 2295 1871 2361 eamque
1901 2267 2362 2358 particularem
2408 2267 2894 2336 contradictum
2923 2269 3161 2360 sentiri

912 2371 1063 2439 ante'
1116 2365 1538 2456 universalem
1589 2372 1669 2435 ab
1698 2365 1854 2459 ipfis
1900 2368 2090 2457 aegris
2131 2416 2154 2449 ,
2202 2368 2359 2460 quia
2369 2363 2603 2455 sensus
2648 2370 2716 2434 in
2753 2368 2844 2436 iis
2875 2369 3162 2440 nondum

906 2464 1305 2558 suntsepulti
1332 2469 1362 2537 ἲ

577 2594 720 2646 curu·
747 2592 875 2642 enus·
1018 2563 1373 2634 Nimirum
1423 2562 1623 2633 facile
1670 2565 1933 2636 evenire
1961 2562 2178 2662 potest
2210 2616 2233 2650 ,
2277 2586 2354 2635 ut
2399 2564 2703 2663 oppletio
2756 2562 3162 2638 distentiove

550 2649 772 2699 redditur.

918 2664 1123 2762 partis
1158 2662 1397 2761 capitis
1424 2659 1695 2759 postitae
1718 2715 1739 2747 ‚
1802 2686 1954 2757 quae
1981 2660 2072 2732 est
2109 2686 2332 2734 motus
2358 2664 2669 2734 animalis
2698 2665 3108 2763 principium
3130 2717 3159 2751 ‚

921 2787 993 2833 ut
1019 2760 1556 2835 demonstratum
1597 2759 1690 2831 est
1717 2762 1756 2831 ὲ
1804 2758 1996 2831 nobis
2049 2762 2119 2830 in
2155 2758 2440 2859 physicis
2475 2814 2498 2848 ,
2550 2785 2917 2834 antevertat
2960 2762 3168 2860 reple-

924 2863 1181 2933 tionem
1211 2861 1632 2933 anteriorum
1662 2853 1917 2930 cerebri
1940 2862 2473 2932 ventriculorum
2500 2912 2525 2946 ‚
2564 2862 2630 2929 in
2664 2858 2911 2956 quibus
2950 2858 3170 2933 sensus

924 2962 1302 3032 communis
1355 2961 1590 3056 viget?
1625 2983 1743 3030 aut
1779 2960 1988 3030 etiam
2022 2960 2417 3058 contingere
2445 2956 2659 3058 potest
2694 3011 2716 3045 ‚
2747 2983 2821 3028 ut
2848 2955 3171 3032 distentio

925 3057 1195 3158 posticae
1251 3059 1457 3158 partis
1531 3060 1769 3156 capitis
1814 3057 1986 3129 dum
2039 3054 2270 3128 adhuc
2320 3055 2444 3128 est*
2479 3059 2548 3126 in
2618 3055 2809 3143 fieri,
2854 3056 3176 3129 nondum

930 3158 1296 3256 perfectam
1325 3151 1803 3232 subfidentiam
1837 3155 2102 3227 finuum
2159 3157 2573 3225 anteriorum
2618 3155 2859 3224 inserat
2883 3207 2905 3241 ‚
2951 3158 3048 3224 ita
3114 3180 3198 3228 ut

935 3253 1281 3327 convulfio
1319 3247 1606 3341 alicujus
1642 3254 1835 3354 poffit
1882 3256 2178 3354 incipere
2233 3276 2387 3324 ante
2440 3254 2689 3350 sopitos
2735 3252 3019 3324 cmnino
3051 3252 3205 3325 sen-

834 3404 839 3409 -
939 3353 1082 3425 sus:
1132 3359 1301 3451 quin
1338 3353 1546 3424 etiam
1580 3354 1886 3453 oppletio
1920 3354 2029 3423 seu
2092 3350 2408 3423 distentio
2449 3351 2719 3448 festitae
2775 3352 2983 3451 partis
3013 3356 3205 3452 capi-

945 3455 1030 3525 tis
1085 3478 1223 3526 non
1260 3455 1519 3550 semper
1558 3453 1907 3546 aqualiter
1959 3450 2036 3522 fit
2082 3452 2457 3522 secundi-m
2510 3475 2726 3521 totam
2757 3502 2779 3534 ‚
2840 3448 2955 3520 sed
2992 3451 3213 3523 medo

949 3550 1199 3625 dextiae
1234 3578 1352 3624 aut
1390 3546 1663 3624 finistrae
1689 3576 1956 3648 parteS,
2015 3548 2231 3622 medo
2263 3550 2534 3650 festitae
2591 3573 2704 3620 aut
2748 3548 2983 3619 antitae
3028 3552 3221 3647 prius

956 3646 1436 3725 distenduntur
1467 3648 2100 3745 contrahunturque
2127 3650 2382 3720 taeteris
2414 3703 2437 3736 ,
2495 3646 2687 3743 quod
2719 3672 2797 3719 ex
2845 3646 2910 3717 se
2943 3646 3036 3716 est
3068 3649 3210 3721 evi-

876 3806 883 3813 .
950 3745 1115 3818 dens
1148 3777 1170 3825 3
1228 3749 1372 3848 quo
1421 3747 1577 3821 sane
1603 3744 1858 3821 necesse
1888 3747 1984 3818 est
2037 3771 2277 3822 nervos
2310 3743 2583 3821 diverfis
2623 3747 2724 3817 his
2756 3742 3058 3844 partilzus
3096 3764 3222 3846 ap:

876 3864 881 3871 ’
958 3848 1198 3949 pensos
1230 3848 1448 3922 medo
1482 3849 1604 3922 hos
1633 3903 1655 3937 ‚
1705 3842 2422 3946 medoillosprimtm
2448 3845 2784 3930 cenvelli,
2821 3869 2898 3912 ac
2931 3844 3232 3940 pioirde

874 3954 891 3960 ⁴
957 3945 1261 4017 membra
1334 3952 1413 4019 iis
1487 3946 1959 4045 respondentia
1993 3998 2016 4033 ,
2084 3947 2292 4040 quiam
2339 3967 2556 4014 tottm
2605 3942 3022 4042 principum
3045 3992 3070 4027 ,
3106 3963 3216 4023 at-‚

954 4067 1091 4137 que
1142 4044 1317 4115 adeo
1361 4045 1751 4119 universum
1777 4069 2045 4144 corpus.
2079 4043 2209 4115 Sed
2258 4048 2327 4117 ὅ(
2360 4067 2521 4113 cum
2551 4043 2805 4111 interea
2839 4039 3006 4111 dtm
3033 4048 3223 4109 cere-⁹

951 4139 1153 4239 brum
1205 4146 1428 4237 magis
1471 4166 1880 4241 corrugatur
1906 4146 1982 4219 in
2007 4145 2187 4238 una,
2242 4142 2549 4244 quamin
2577 4138 3038 4239 altera‘p'axte,
3068 4160 3229 4248 tum
3283 4148 3298 4153 ’
