3593 5087
823 403 899 478 >A
1021 344 1582 478 nimivm
1681 393 2181 473 senosA.
2506 420 2653 497 397

398 525 656 603 ratione
720 530 968 603 scilicet
1024 530 1346 627 fuligines
1407 528 1444 599 ὲ
1494 527 1839 624 sanguinis
1894 524 2104 600 massa
2150 555 2234 601 ex
2290 528 2356 601 se
2423 531 2654 601 calida

309 637 312 640 “
398 628 802 740 eijfpirantes
843 629 1243 701 cohibentur
1272 680 1291 713 ,
1340 626 1790 720 cohibitaeque
1829 625 2074 699 fervori
2119 625 2362 726 infigni
2456 631 2655 701 rinei-

396 753 588 826 pium
620 727 788 799 dant
810 781 833 815 ,
868 728 999 798 hoc
1024 727 1116 799 est
1147 781 1169 815 ,
1214 725 1422 812 febri,
1450 723 1592 795 imo
1637 727 2125 798 incrementum
2155 733 2226 800 δε
2260 654 2653 825 ρτοςΐυᾶἰο-
2694 717 3024 834 ωξέζζὶἷῇζᾞξ

396 851 556 898 nem
598 856 618 903 3
666 833 885 923 Itaque
911 832 1108 920 copiae
1145 851 1285 895 eum
1294 828 1655 918 sanguinis
1681 847 1819 892 tum
1831 826 1963 914 seri
1991 828 2384 898 convenienti
2412 855 2646 899 vacua·
2692 831 2798 900 &¹⁸
2828 836 3025 879 ’ΨΜ

397 937 569 994 tione
604 926 1001 1003 medendum,
1055 922 1359 1017 viscerum
1413 947 1622 992 autem
1675 927 1860 1013 oestus
1902 925 2404 1019 intemperiesque
2450 953 2656 996 corre-
2692 894 3025 995 {ii'ssfzfssffissn

396 1025 601 1115 gunda
628 1076 650 1110 ,
690 1028 954 1119 denique
996 1023 1265 1112 derfitas
1290 1025 1493 1092 totius
1528 1027 1818 1115 corporis
1851 1026 2242 1094 emendanda
2267 1026 2348 1118 ss
2371 1025 2656 1117 rarqfac-

393 1129 565 1189 tione
608 1129 919 1216 congrua,

493 1219 836 1292 Caeterum
893 1245 1027 1290 non
1058 1219 1477 1318 negligenda
1487 1223 1933 1315 symptomata
1980 1217 2326 1312 adsimila,
2384 1246 2457 1292 ut
2493 1244 2655 1320 prae·
2712 1243 2899 1289 merim
2918 1260 3029 1304 quo.

393 1341 498 1388 ter
537 1321 820 1388 dolorem
847 1372 872 1405 ,
911 1324 1103 1407 cujus
1156 1318 1451 1389 maxime
1492 1343 1759 1418 propter
1809 1319 2056 1390 virium
2093 1320 2425 1407 jaRuram
2461 1323 2660 1400 ratio·
2694 1303 3031 1405 :¹0⁹3ssssssssss
3081 1374 3094 1391 ,

397 1442 557 1486 nem
598 1416 983 1488 habendam
1014 1414 1143 1489 effe
1188 1420 1568 1503 monitum,
1600 1421 1999 1512 quanquam
2049 1417 2116 1487 in
2171 1443 2253 1488 eo
2294 1416 2463 1489 statu
2496 1417 2507 1424 ’
2519 1423 2656 1507 jam
2692 1415 3031 1521 ffiffifflggng

399 1515 552 1586 sunt
592 1540 691 1586 res
716 1519 881 1615 aegri
906 1569 931 1603 ,
972 1541 1046 1588 ut
1101 1515 1223 1587 diu
1260 1520 1398 1606 jam
1444 1540 1582 1587 non
1624 1541 1864 1614 urgeat
1911 1515 2113 1586 dolor
2140 1516 2250 1587 sed
2284 1514 2469 1589 brevi
2511 1516 2659 1587 suc·-
2699 1546 2787 1578 tur·

395 1613 599 1706 cedat
634 1615 870 1714 sopor,
904 1613 1237 1686 blandum
1262 1617 1426 1686 alias
1462 1614 1720 1685 doloris
1752 1617 1972 1687 omnis
1998 1616 2444 1712 pharmacum
2471 1669 2491 1702 ,
2524 1641 2663 1688 non

395 1714 867 1811 negligenda,
911 1717 1193 1811 inquam
1216 1767 1239 1800 ‚
1258 1713 1703 1812 symptomata
1730 1767 1753 1800 ‚
1795 1739 1873 1784 ut
1917 1745 1929 1783 :
1965 1714 2289 1784 diarrhaea
2325 1713 2397 1785 6·
2422 1716 2662 1810 sopor,

393 1812 520 1881 illa
556 1812 840 1907 quidem
873 1815 963 1883 ita
1017 1813 1396 1914 postulante
1435 1813 1689 1885 virium
1741 1811 2098 1887 custodii‘u
2161 1813 2270 1883 hic
2307 1839 2535 1886 autem
2571 1815 2667 1885 ita

396 1910 808 1983 sollicitante
853 1937 1033 1984 metu
1080 1939 1164 1984 ne
1199 1912 1362 1983 fines
1389 1937 1645 1983 naturae
1686 1912 1960 2010 longius
2003 1910 2323 1982 excedens
2365 1916 2434 1982 in
2476 1912 2670 1984 indo-

397 2008 727 2082 mabilem
788 2017 857 2084 δε
903 2012 1239 2099 ferreum,
1283 2011 1413 2082 hoc
1472 2009 1567 2082 est
1610 2064 1636 2098 ,
1687 2013 1757 2081 in
1812 2010 2083 2082 no&em
2132 2009 2462 2110 perpetuo
2507 2010 2674 2083 dor-

400 2110 763 2180 miendam
801 2110 1113 2182 transeat.

504 2207 665 2304 Age
709 2212 1179 2278 multitudinem
1193 2206 1564 2300 fhnguinis
1603 2206 1710 2299 effi
1739 2210 2014 2300 majoris
2040 2208 2110 2276 in
2146 2235 2213 2276 eo
2233 2210 2520 2299 fervoris
2529 2208 2675 2296 five

403 2307 837 2395 occ-afiorum,
859 2307 1005 2395 stve
1043 2331 1071 2361 ⁸
1122 2317 1430 2380 συναίτιον
1503 2357 1526 2390 ,
1578 2305 1775 2377 facile
1841 2305 1934 2376 est
1992 2306 2370 2405 intelligere
2414 2333 2493 2378 ex
2547 2307 2677 2377 hoc

405 2431 649 2477 eventu
704 2428 722 2474 :·
749 2430 908 2475 nam
949 2404 1352 2503 experientia
1404 2402 1605 2475 docet
1639 2401 1685 2475 si
1732 2405 2019 2500 quando
2051 2403 2244 2475 dolia
2283 2406 2485 2505 plena
2527 2406 2678 2478 sunt

400 2503 496 2577 ad
536 2504 1002 2577 ebullitionem
1052 2504 1319 2575 succum
1372 2503 1440 2571 in
1494 2505 1572 2573 iis
1612 2527 2009 2575 contentum
2041 2505 2453 2603 paratiorem
2498 2500 2627 2576 esse
2655 2559 2678 2593 ,

400 2604 591 2676 unde
623 2601 713 2675 ad
751 2603 1216 2675 ebullitionem
1257 2600 1757 2701 prohibendam
1806 2605 2153 2675 oeconomi
2194 2605 2459 2676 nullum
2512 2629 2680 2701 proe-

403 2703 652 2775 sentius
712 2704 1087 2775 remedium
1138 2724 1519 2788 noverunt,
1583 2704 1796 2797 quam
1838 2716 2055 2775 vacua
2108 2728 2187 2774 ex
2278 2728 2423 2776 arte
2487 2705 2678 2775 dolia

405 2804 833 2896 relinquere,
868 2827 943 2871 ut
981 2802 1222 2869 scilicet
1263 2800 1477 2867 calori
1525 2801 1719 2868 vitali
1769 2801 2122 2870 ventilatio
2177 2729 2388 2869 libera
2450 2799 2667 2871 detur.

405 2903 592 2992 Quia
631 2926 777 2990 ergo
811 2900 1155 2973 multitudo
1158 2892 1522 2986 sanguinis
1531 2895 1816 2981 fervoris
1840 2892 1915 2964 ό·
1942 2895 2229 2989 orgasmi
2250 2899 2389 2988 ejus
2420 2922 2671 2992 unaque
2710 2857 3040 2969 ubsollirficuipui

384 2998 533 3090 seri
556 3049 574 3081 ‚
595 2998 981 3091 proindeque
1004 2998 1250 3063 doloris
1282 2996 1362 3086 5st
1391 2997 1711 3085 concausa
1736 2988 1934 3081 ,sane'
1970 3002 2120 3064 ante'
2155 2999 2376 3064 omnia
2425 2997 2667 3088 deplen·
2709 2973 3039 3085 dtbissicfflfm

410 3102 542 3183 da,
591 3102 661 3168 &
695 3096 823 3165 hoc
866 3097 1071 3165 etiam
1097 3093 1371 3162 nomine
1402 3114 1476 3161 ut
1535 3115 1775 3190 corpus
1810 3091 1929 3161 fiat
1991 3095 2191 3180 εὔροοι
2255 3094 2660 3190 caeterisque

411 3193 730 3268 remediis
772 3192 1137 3264 commode
1169 3194 1354 3263 locus
1385 3190 1808 3287 plenitudine
1841 3188 2144 3288 deposita
2186 3190 2384 3264 detur
2415 3246 2439 3281 ,
2469 3217 2678 3289 atque

411 3296 580 3391 quia
627 3295 886 3364 malum
926 3316 1169 3389 urgens
1204 3287 1631 3359 multitudini
1658 3288 1960 3389 protinus
2011 3295 2080 3362 &
2122 3289 2379 3362 affatim
2413 3292 2678 3363 succur-

413 3419 560 3463 rere
605 3391 787 3478 jubet
816 3444 836 3476 ,
875 3393 1193 3462 vacuatio
1227 3385 1510 3487 proinde
1557 3383 1978 3485 aspefiabilis
2023 3390 2256 3486 utpote
2282 3391 2563 3462 celerior
2606 3397 2676 3463 &

411 3488 750 3560 aRuofior
806 3488 1132 3559 tentanda
1176 3483 1527 3556 confestim
1594 3485 1978 3586 perficietur
2051 3488 2282 3582 itaque
2372 3487 2678 3559 detra&o
2809 3510 2892 3557 Per
2915 3526 3039 3564 vena

410 3589 749 3686 sanguine
777 3586 1140 3658 liberaliter
1197 3585 1370 3657 secia
1417 3585 1589 3656 venii
1648 3585 1904 3683 magnii
1930 3589 1998 3657 δ(
2033 3587 2381 3655 communi
2416 3616 2432 3655 :
2486 3586 2677 3681 quod
2713 3565 2963 3619 “3³⁰⁰‘m'

414 3713 648 3759 tamen
709 3689 779 3756 in
812 3711 1067 3783 magna
1108 3685 1355 3758 virium
1402 3682 1777 3755 constantia
1811 3683 1953 3754 fieri
2006 3708 2426 3781 urgenteque
2458 3688 2679 3757 maxi-

408 3786 694 3885 mopere
737 3786 977 3857 dolore
1000 3785 1274 3856 consulo
1292 3837 1316 3872 ‚
1348 3785 1503 3854 ciun
1531 3782 1999 3856 observatione
2039 3785 2278 3852 Galem'
2309 3783 2498 3881 larga
2537 3784 2679 3856 san-

411 3889 643 3985 guinis
679 3884 1010 3957 detraffio
1049 3883 1459 3984 plenitudini
1501 3881 1904 3978 respondens
1958 3878 2496 3973 graviffimorum
2531 3908 2679 3960 om-

412 4010 626 4141 muri?2
655 3984 979 4141 doloszum
1012 3980 1581 4082 praesentiffimum
1615 3978 1707 4054 fit
1753 3978 2161 4053 remedium.

443 4133 450 4137 .
502 4098 539 4139 ὃ
627 4098 807 4143 ΟΠΕΒΠ
871 4099 944 4139 m·
