3593 5087
1310 484 2518 588 PRAEFATIO.
2797 572 2804 583 ,
3065 524 3122 587 v

600 667 1196 805 elegantiam,
1283 662 1700 801 spectabis
1770 676 2096 767 Textus
2161 671 2847 801 Hippocraticos
2912 674 3121 763 veris

604 806 1055 907 adstrictos
1134 816 1591 923 numeris,
1673 819 2211 946 proprioque
2285 807 2712 904 idiomate
2774 800 3123 901 summa

604 952 814 1046 cum
879 942 1082 1045 curii
1145 957 1547 1044 nitentes.
1624 952 1936 1086 §Atque
2003 945 2187 1045 haec
2257 946 2496 1053 duo,
2574 980 2670 1044 ut
2730 947 3123 1042 maxime

598 1087 714 1183 ad
786 1081 1426 1222 perfectionem
1482 1096 1796 1221 Operis
1857 1082 2572 1224 requirebantur,
2641 1092 2761 1182 ita
2815 1116 3121 1185 tamen

601 1223 839 1325 haud
938 1221 1819 1360 deprehendebantur
1919 1237 2008 1324 in
2112 1220 2539 1361 prioribus
2621 1221 3043 1358 evulgatis
3094 1262 3116 1319 ε

537 1419 541 1427 ’
600 1368 989 1501 ideoque
1053 1365 1290 1461 haud
1360 1402 1675 1500 parum
1744 1364 2062 1464 laboris
2130 1360 2593 1502 exigebant
2658 1383 2745 1463 ὃς
2818 1362 3133 1496 judicii.

600 1540 702 1603 ut
769 1508 932 1602 suis
1002 1504 1339 1642 digesta
1413 1502 1625 1602 locis
1693 1503 2245 1606 haberentur.
2340 1505 2609 1605 Unde
2675 1498 2787 1601 eo
2849 1512 3121 1603 etiam

591 1650 936 1776 majore
1000 1638 1437 1744 beneficio
1500 1647 1906 1745 Medicos
1961 1642 2120 1744 fibi
2174 1640 2821 1744 obstrinxerunt
2874 1680 3118 1781 egre-

528 1775 547 1793 “
591 1792 725 1920 gii
775 1793 965 1884 Viri
991 1858 1018 1901 ‚
1093 1795 1248 1921 qui
1298 1780 1761 1886 liberaliter
1816 1798 1911 1885 in
1965 1782 2048 1882 se
2097 1781 2509 1920 suscipere
2551 1780 2899 1885 voluere
2941 1783 3117 1883 hoc

587 1961 817 2021 onus
865 1921 1321 2021 taediosum
1374 1920 1462 2019 &
1507 1920 1949 2024 absolvere
1996 1919 2382 2020 feliciter.
2449 1934 2824 2023 Fuerunt
2866 1936 3116 2059 equi-

593 2060 808 2159 dem
857 2059 982 2159 ssh·
1033 2069 1217 2195 pari
1280 2070 1374 2159 in
1435 2056 1801 2161 ferendo
1861 2058 2160 2189 labore
2223 2057 2766 2177 constantia,
2840 2060 3120 2198 quam

586 2211 687 2299 in
726 2199 1238 2299 exornando
1276 2198 1450 2296 hoc
1487 2198 1718 2297 libro
1755 2192 2172 2317 succeffu‚
2237 2196 2386 2297 ufi.
2462 2206 2748 2336 Digni
2801 2212 3118 2338 proin,

587 2351 746 2475 qui
802 2332 1487 2456 innotescerent3
1558 2335 1704 2436 fied
1762 2335 2213 2476 prohibuit
2254 2335 2702 2476 singularis
2750 2340 3108 2446 illorum

581 2482 1074 2588 modestia,
1172 2516 1283 2576 ne
1352 2476 1872 2579 nominibus
1937 2477 2615 2582 inclarescerent.
2707 2488 3120 2622 Accipite:

581 2658 796 2757 ergo
866 2629 1056 2755 jam*
1144 2616 1467 2719 librum
1562 2618 1802 2719 hunc
1883 2618 2036 2718 vili
2116 2616 2669 2722 vendibilem
2745 2636 3115 2760 pretioy
3184 2652 3188 2654 ’

452 2789 465 2810 ²
582 2771 744 2894 qui
790 2754 1073 2859 modo
1131 2796 1344 2858 auro
1394 2795 1572 2859 erat
1628 2754 1933 2860 contra
1984 2770 2287 2861 carior.
2363 2771 2773 2862 Utamini
2839 2801 2949 2861 eo
3008 2783 3100 2865 &
3184 2881 3192 2888 .

577 2896 1072 3009 fruamini,
1171 2897 1551 3035 placebit
1616 2919 1736 3000 ’δε
1820 2902 2275 3037 proderit;
2379 2938 2734 3040 neque,
2819 2941 3110 3004 certus-

426 3081 435 3086 ·
573 3038 930 3138 affirmo
964 3114 997 3160 ,
1077 3038 1217 3139 vel
1287 3040 1566 3150 decies
1641 3051 2021 3178 repetitae
2110 3038 2512 3148 lectionis
2580 3082 2735 3149 vos
2803 3053 3100 3182 poeni--
3193 3103 3196 3106 ·

564 3171 826 3280 tebit.
944 3173 1309 3285 Valere!
1387 3180 1674 3318 Lugd.
1767 3175 2110 3307 173214..
