3593 5087
939 409 1130 497 4³4*
1270 388 1674 467 Monssr
1745 389 2276 467 Ex‘rssssm
2344 387 2884 467 HAssr‘rus

909 522 1093 596 'sitas
1142 526 1284 614 jam
1322 523 1668 602 contracta
1714 524 2101 618 corrigatur
2154 574 2189 608 ‚.
2254 543 2690 615 muteturque
2739 545 2898 593 cum
2944 515 3197 597 rariore

608 642 714 690 Sd!-
742 641 911 702 stragn-
945 624 1229 697 textura.
1292 621 1771 712 Quamobrem
1808 622 2203 702 nonffoliim
2226 625 2543 713 stragula
2571 626 2613 689 ά
2659 623 2827 711 pilis
2858 627 3189 716 caprinis,

582 703 635 747 lis
663 701 833 745 levabu-

580 759 792 805 mollibus
808 789 827 814 ,

489 1061 496 1062 ἶ
617 1007 916 1057 Frictionibu-

586 1069 628 1115 ἃ
681 1068 888 1117 ἰουεᾶἰο
897 1097 912 1109 -

588 1125 668 1173 bu·
674 1158 693 1183 ,

870 701 1210 817 &seria-ove
1235 751 1423 794 cocco
1459 720 1690 813 infesto
1746 746 1929 794 texta
1964 721 2282 793 hactenus
2314 718 2419 789 illi
2464 718 2835 790 familiaria
2863 745 3017 792 cum
3038 731 3194 816 plu-

940 828 1068 895 mis
1097 877 1121 912 ,
1171 821 1349 897 cert'e
1380 847 1540 895 cum
1563 824 1843 916 pellibus
1872 823 2113 893 calidis
2149 818 2225 891 ό·
2251 822 2498 892 levibus
2528 843 2600 889 ur
2625 844 2766 915 quoe
2788 823 2826 887 e*
2845 846 3022 891 mure
3036 849 3199 916 pon·

942 927 1073 996 rico
1097 938 1116 1006 “,
1139 919 1265 995 ’νει
1323 945 1524 991 marte
1577 944 1902 1021 parantur
1958 916 2452 998 commutanda
2488 947 2505 988 ε
2554 916 2671 988 sed
2731 916 3202 1020 adjungendi:

925 1019 1271 1117 fridiones
1300 1024 1690 1118 quotidianae
1708 1044 1939 1115 eaeque
1964 1019 2245 1106 molles,
2288 1017 2516 1115 longa:
2531 1070 2555 1104 ‚
2607 1017 2920 1114 levesque
2949 1073 2975 1108 ‚
3022 1026 3093 1094 δι
3112 1025 3199 1091 li-

939 1147 1049 1196 tus
1076 1147 1357 1220 quoque
1390 1119 1501 1192 seu
1530 1120 1855 1208 undiones
1882 1145 1960 1190 ex
1992 1127 2133 1189 oleo
2170 1120 2598 1213 amygdalino
2616 1165 2643 1196 ,
2673 1118 2747 1187 de
2774 1117 2964 1188 helien
2981 1171 3007 1206 ‚
3020 1116 3201 1212 sesa·

938 1230 1116 1295 mino
1137 1275 1159 1309 ‚
1191 1226 1453 1292 liliaceo
1496 1222 1859 1313 temperatis
1885 1223 2312 1312 temporibus,
2366 1215 2582 1315 hyeme
2610 1239 2826 1287 autem
2850 1219 3152 1290 anethino
3170 1271 3197 1308 ,

935 1325 1344 1395 amaracino.
1384 1318 1800 1419 Optandum
1847 1318 2176 1414 equidem
2214 1317 2386 1388 foret
2428 1342 2547 1414 per
2580 1316 2833 1389 virium
2883 1317 3196 1391 alacrita-

939 1445 1077 1494 tem
1126 1419 1728 1514 membrorumque
1770 1417 1976 1489 robur
2010 1442 2316 1489 exercere
2349 1412 2534 1514 poffe
2582 1440 2830 1514 corpus
2885 1416 3198 1513 quotidie

941 1523 1184 1615 illustri
1211 1544 1449 1613 aegroro
1477 1513 1635 1590 effer
1663 1519 2012 1616 integrum
2034 1542 2183 1589 tum
2211 1514 2300 1586 ad
2325 1515 2719 1587 firmitatem
2755 1517 3197 1596 articulorum
3258 1577 3275 1592 .

941 1618 1373 1692 retinendam
1407 1621 1597 1706 juxta
1622 1628 1650 1659 ⁸
1672 1620 2101 1709 Hippocratis
2151 1611 2550 1687 consilium:
2600 1621 2787 1685 labor
2835 1615 3148 1688 articulis
3175 1665 3202 1698 ,

926 1726 1202 1812 somnus
1237 1714 1584 1807 visceribus
1615 1768 1639 1802 ‚
1683 1738 1837 1786 tum
1865 1715 2313 1812 reliquiarum
2343 1709 2609 1789 affluxae
2635 1717 2937 1786 materiae
2980 1715 3202 1788 serosae

945 1816 1319 1920 perfectam
1352 1814 1830 1886 discussionem
1845 1867 1870 1907 ‚
1895 1838 2045 1899 tum
2068 1813 2366 1911 denique
2385 1814 2477 1885 ad
2497 1812 3020 1913 impediendam
3039 1815 3205 1904 ejus-

946 1919 1108 1994 dem
1140 1915 1565 2014 pleonexiam
1586 1968 1607 2001 ,
1656 1939 1813 2009 quae
1868 1911 1959 1984 ab
1990 1916 2134 1986 orio
2163 1913 2545 2014 pr'aesertimx
2560 1912 2940 1986 succrescit:
2976 1916 3211 1989 veriun

948 2020 1280 2115 quoniam
1299 2011 1428 2087 five
1447 2014 1740 2086 mollitia
1754 2014 1972 2086 animi
1997 2012 2313 2085 dolorem
2330 2037 2611 2086 omnem
2639 2012 2679 2084 a
2696 2013 2941 2108 quovis
2962 2016 3214 2087 leviore

949 2117 1252 2215 corporis
1305 2131 1499 2185 motu
1578 2111 1964 2187 exacerbari
2018 2111 2291 2184 solitum
2359 2112 2763 2211 refugientis
2818 2109 2952 2184 five
2999 2114 3214 2212 impo-

955 2217 1177 2288 tentia
1202 2219 1272 2290 &
1298 2213 1720 2286 exsolutione
1753 2208 2220 2286 membrorum
2244 2213 2340 2287 ita
2365 2210 2462 2286 est
2487 2212 2748 2284 alienus
2786 2209 2875 2286 ab
2898 2216 3093 2288 omni
3116 2217 3215 2285 la-

953 2313 1119 2390 bore
1145 2370 1167 2404 ‚
1223 2338 1299 2384 ut
1331 2313 1444 2384 vix
1469 2312 1505 2384 ὲ
1533 2312 1710 2386 18ἃο
1756 2311 2030 2411 surgere
2081 2337 2198 2384 aut
2254 2314 2326 2386 in
2373 2311 2701 2398 cathedra
2761 2309 2993 2386 sedere
3012 2366 3036 2400 ‚
3108 2338 3212 2383 ne-

957 2414 1131 2486 dum
1191 2410 1543 2486 ambulare
1588 2412 1898 2508 equitare
1945 2411 2221 2485 aliterve
2277 2436 2523 2509 corpus
2553 2435 2857 2494 exercere
2882 2408 2958 2482 sit
2988 2414 3051 2483 ei
3083 2415 3213 2499 jam

959 2511 1254 2589 liberum
1278 2564 1302 2598 ‚
1349 2508 1512 2582 inde
1553 2510 1636 2586 eo
1661 2510 2065 2608 diligentius
2090 2509 2437 2586 friaiones
2457 2509 2759 2585 exercitii
2780 2510 3055 2584 vicariae
3080 2511 3219 2584 sunt

628 2614 939 2682 &qustum
967 2609 1397 2685 adhibendae.
1423 2607 1577 2680 Imo
1616 2634 1756 2680 non
1781 2630 1910 2678 erit
1952 2606 2039 2678 ab
2091 2635 2163 2681 re
2205 2635 2279 2681 ut
2307 2609 2511 2681 semel
2552 2618 2622 2687 ὅ(
2662 2611 2910 2681 iterum
2943 2612 3014 2683 in
3064 2609 3218 2683 heb-

613 2690 716 2722 nlto
747 2689 762 2723 ἶ

971 2708 1279 2785 domada
1305 2707 1497 2779 sudet
1530 2708 1602 2777 in
1633 2710 1967 2779 Laconico
1997 2705 2321 2780 struendo
2352 2761 2379 2795 „
2420 2706 2468 2778 fi
2494 2711 2716 2809 placet
2744 2708 2836 2781 ad
2872 2708 3221 2782 Romana-

974 2837 1129 2889 rum
1160 2810 1580 2882 thermarum
1609 2806 1992 2904 imaginem
2030 2832 2167 2878 non
2196 2808 2406 2906 longe
2434 2809 2474 2880 ὲ
2503 2808 2822 2882 cubiculo
2852 2810 3225 2911 principali.

977 2911 1170 2991 Nam
1207 2909 1369 2982 chm
1422 2905 1566 3003 quo
1607 2931 1852 2979 natura
1917 2905 2152 2993 ducit,
2206 2905 2290 2989 eo
2336 2934 2619 3007 vergere
2667 2933 2980 3024 oporteat
3016 2937 3038 2987 ;
3113 2934 3230 2980 na·-

978 3035 1129 3084 tura
1179 3033 1410 3083 autem
1446 3004 1616 3077 bene
1666 3003 2004 3077 constitua
2056 3005 2093 3079 ὲ
2152 3029 2384 3079 centro
2435 3008 2644 3080 soleat
2711 3032 2977 3105 impetu
3032 3032 3227 3108 capto

973 3106 1325 3181 exundans
1376 3103 1596 3176 serum
1628 3128 1747 3205 per
1803 3106 2104 3203 corporis
2156 3104 2468 3180 habitum
2495 3106 2831 3209 praecipue
2873 3132 3180 3180 excutere
3208 3161 3235 3195 ,

965 3204 1015 3280 fi
1060 3203 1273 3278 modo
1311 3203 1438 3279 viae
1485 3227 1763 3304 pateant
1787 3256 1812 3291 ,
1868 3203 2211 3289 utiliffima
2249 3206 2373 3279 erit
2427 3207 2568 3279 haec
2602 3207 2919 3281 vacuatio
2945 3230 3095 3300 quae
3120 3230 3226 3276 re-

963 3308 1253 3408 gionem
1314 3327 1570 3376 naturae
1614 3303 2029 3381 familiarem
2084 3310 2154 3380 &
2208 3305 2825 3390 commodissirnam
2866 3304 3087 3378 habet.
3146 3300 3231 3375 In

965 3411 1115 3500 ejus
1164 3404 1288 3477 usu
1314 3427 1548 3474 autem
1568 3400 2078 3502 providendum
2106 3457 2130 3492 ,
2177 3428 2253 3476 ut
2281 3430 2399 3476 ore
2432 3405 2719 3502 quidem
2754 3431 2997 3478 auram
3032 3404 3123 3477 fri
3175 3404 3236 3475 i·-

969 3508 1138 3580 dam
1177 3525 1713 3601 temperamento
1762 3503 2116 3599 sanguinis
2167 3528 2624 3603 opportunam
2676 3529 2960 3605 captare
2992 3429 3233 3604 pellit,

968 3608 1077 3678 ori
1111 3612 1180 3679 δε
1206 3600 1482 3674 naribus
1508 3597 1798 3672 admoto
1822 3600 2269 3677 instrumento
2298 3604 2611 3699 quodam
2635 3606 2704 3675 in
2750 3629 3103 3679 externum
3124 3626 3240 3703 pa·

972 3728 1151 3777 tente
1181 3708 1411 3779 aerem
1436 3755 1460 3790 ,
1511 3701 1867 3773 &interea
1895 3720 1977 3768 os
2011 3698 2271 3796 frigida
2300 3702 2672 3780 colluendo
2701 3756 2725 3790 ‚
2772 3704 2882 3775 vel
2908 3704 3091 3798 aqua
3118 3726 3240 3770 ro-

972 3804 1203 3876 sarum
1242 3826 1360 3874 aut
1385 3798 1586 3974 posca
1608 3853 1633 3889 ,
1685 3796 1800 3871 sed
1847 3799 2189 3896 reliquum
2239 3823 2470 3875 tamen
2510 3826 2755 3903 corpus
2780 3800 3106 3875 defendat
3134 3798 3240 3873 se·

973 3900 1147 3979 dul&
1165 3897 1252 3972 ab
1283 3927 1398 3975 am
1446 3899 1640 3973 ientis
1666 3897 1942 3997 frigore.

1075 3996 1364 4073 Occasio
1393 4005 1623 4074 autem
1678 4003 1822 4089 ejus
1875 3999 2001 4070 erit
2042 4022 2306 4099 ternpus
2332 3999 2813 4074 declinationis
2859 3994 3108 4085 febris,
3164 4001 3248 4075 ὃς

1053 4139 1095 4191 ,⁸
1112 4122 1243 4196 Lib.
1266 4120 1596 4215 Epidssest·
1625 4131 1715 4198 5⁶·
1736 4118 1893 4213 APh·
1912 4118 2158 4199 908370'
2175 4124 2343 4212 τοῖσι,
2364 4122 2618 4214 {ppetuu
2633 4118 2819 4201 ’ἄπιθ’
2845 4120 3257 4201 truncum
