3593 5087
843 377 945 452 70
1141 351 1549 428 MORBI
1636 347 2158 428 CAPITIS
2236 348 2806 428 INTERNI
2897 383 2904 390 ·

835 486 1302 581 particularem
1380 488 1621 582 capitis
1690 492 2114 581 pleonexiam
2202 491 2273 558 in
2347 494 2783 562 ventriculum
2852 493 3130 589 deponi..

488 602 598 673 8³1³·
616 599 708 700 (εἳ.)
726 594 812 642 ³¹³·
943 584 1158 675 Quod
1226 582 1273 657 s1
1327 584 1753 683 quandoque
1796 585 1951 659 bilis
2004 588 2146 660 sero
2199 588 2508 658 immixta
2555 593 2626 659 in
2683 593 3107 668 hemicrania³

489 670 813 783 immori-{ff}
843 687 1199 775 redditur,
1258 710 1338 772 ea
1383 685 1559 770 certe
1612 712 1729 772 aut
1772 686 2047 786 exn-ipso
2100 713 2178 757 ca
2236 689 2324 758 ite
2367 684 2562 759 simul
2585 717 2743 763 cum
2773 695 2916 765 sero
2961 694 3104 766 dif-

486 777 609 824 κω
628 777 755 822 ⁶⁰¹⁸·
838 785 1057 882 fluit)
1092 786 1311 857 serum
1350 781 1686 880 siquidem
1726 789 1796 857 in
1830 791 2051 886 capite
2085 788 2155 887 ip
2188 814 2229 859 o
2277 785 2594 859 biliosum
2635 787 2764 862 effe
2801 795 3101 868 maxime

834 912 1074 980 mucus
1110 888 1379 958 narium
1408 937 1430 972 ‚
1490 884 1602 957 seu
1649 890 1858 959 mala·
1887 889 2134 987 pituita
2184 884 2322 957 nasi
2371 888 2794 962 viriditatem
2840 892 3103 969 nedum

831 985 1163 1062 flavitiem
1225 988 1295 1056 in
1341 984 1676 1083 plerisque
1722 994 1791 1061 δε
1836 990 1907 1059 in
1954 1015 2064 1060 me
2106 1011 2180 1058 ut
2232 988 2606 1086 plurimum
2644 991 2930 1065 referens
2976 991 3100 1068 etsi

830 1114 1038 1188 parca
1083 1085 1470 1159 admodum
1504 1138 1526 1173 ,
1587 1092 1658 1160 ὅ(
1700 1085 1890 1187 lippa
1916 1089 2278 1160 oculorum
2304 1090 2713 1186 auriumque
2741 1117 2895 1163 cera
2946 1120 3099 1165 ma·-

832 1187 1068 1260 nifeste
1101 1187 1469 1291 arguunt)
1528 1210 1646 1257 aut
1698 1213 1860 1259 vero
1890 1215 1971 1260 ex
2009 1188 2249 1285 hepate
2295 1187 2520 1285 primo
2545 1192 2610 1258 in
2643 1192 3101 1268 ventriculum

834 1289 1139 1361 eructare
1165 1285 1381 1386 potest
1410 1311 1490 1357 eo
1515 1284 1658 1383 ipso
1685 1312 1992 1385 tempore
2027 1341 2052 1375 ‚
2100 1311 2243 1382 quo
2279 1310 2462 1381 aqua
2496 1287 2532 1359 ὲ
2566 1291 2788 1388 capite
2820 1292 2888 1362 in
2928 1318 3099 1363 eun-

490 1389 679 1502 §de
704 1403 809 1448 ΡΝ·
838 1387 1001 1459 dem
1053 1386 1339 1486 depluit.
1384 1385 1737 1458 Numicum
1769 1389 2027 1457 interea
2081 1384 2255 1456 dum
2289 1386 2706 1460 membranae
2745 1392 2985 1489 capitis
3024 1394 3101 1466 in

525 1468 619 1501 ω’
740 1501 745 1506 ’
840 1487 1245 1577 excutiendo
1284 1486 1425 1557 sero
1468 1485 1754 1557 molesto
1796 1484 2029 1584 sponte
2069 1485 2561 1560 contrahuntur
2596 1543 2621 1577 ‚
2671 1490 3099 1588 peritoneum

837 1588 1013 1680 certe
1090 1585 1367 1681 ejusque
1445 1582 1703 1655 soboles
1768 1609 2004 1655 omnes
2080 1585 2218 1657 una
2273 1610 2553 1683 quoque
2624 1590 3096 1663 convellantur

504 1706 805 1783 peomne-
837 1712 1105 1788 oportet
1133 1715 1153 1762 3
1202 1688 1437 1781 itaque
1464 1679 1753 1755 vesicam
1790 1682 2285 1756 cholidochum
2317 1686 2708 1759 convulsam
2755 1685 2965 1761 bilem
3023 1692 3102 1764 in.

480 1769 807 1875 {iiffiifmm‘
836 1786 1292 1874 ventriculum
1318 1784 1690 1882 exprimere
1736 1781 2222 1880 effundereque
2249 1779 2499 1856 necesse
2526 1785 2661 1874 est,
2694 1812 2848 1884 quae
2902 1789 3100 1861 astu-
3195 1856 3202 1863 .

838 1911 984 1959 tum
1010 1886 1046 1957 ὲ
1072 1886 1453 1958 ventriculo
1503 1884 1751 1982 pariter
1782 1910 2064 1980 quoque
2090 1883 2414 1956 convulso
2447 1910 2566 1957 aut
2609 1889 2819 1960 etiam
2861 1886 3116 1988 sponte*

835 1985 1219 2085 resupinato
1265 2011 1382 2084 per
1440 1981 1594 2055 bilis
1652 1985 2106 2055 irritationem
2144 1985 2409 2057 vomitu
2455 1981 2649 2057 simul
2706 2013 2866 2058 cum
2912 1989 3097 2085 aqua

505 2083 1151 2183 peomne-deorsum
1196 2084 1233 2156 ὲ
1283 2087 1507 2184 capite
1585 2079 1834 2156 fluente
1886 2086 2205 2172 rejicitur.
2264 2083 2468 2156 Certe
2519 2111 2674 2156 eam
2718 2087 3097 2182 aliquando

479 2183 679 2284 ζέῗῗςῖῗω
715 2179 809 2266 ‘¹232
835 2189 1239 2283 meningum
1288 2182 1546 2256 cerebri
1596 2185 1670 2256 in
1720 2183 2138 2256 hemicrania
2185 2189 2254 2256 &
2288 2183 2653 2282 praesertim
2688 2186 2759 2255 in
2796 2184 2940 2285 ipso
2971 2213 3096 2259 vo-

479 2287 603 2390 224'2*
636 2279 806 2326 40'0‘5·
835 2287 1007 2357 mitu
1054 2283 1595 2357 contraCtionem
1632 2281 1914 2381 persensi
1949 2337 1970 2370 ,
2011 2307 2088 2354 ut
2145 2282 2497 2354 manifest'e
2563 2285 2873 2356 cranium
2907 2285 2946 2355 a
2995 2284 3114 2358 se-.

585 2371 599 2387 ⁹
831 2383 975 2483 ipso
1008 2383 1248 2460 divelli
1278 2436 1303 2470 ‚
1355 2381 1721 2477 suturaque
1744 2383 2083 2454 coronalis
2119 2384 2366 2481 aperiri
2395 2383 2565 2453 mihi
2590 2382 3098 2483 propemodum

831 2481 1179 2559 videretur
1224 2508 1362 2559 non
1397 2477 1529 2560 fine
1569 2480 1976 2558 atrocissimo
2034 2480 2316 2571 dolore,
2369 2508 2771 2580 quanquam
2799 2486 2965 2556 alias
2992 2509 3093 2558 ta·

833 2609 991 2656 men
1028 2582 1161 2654 fere
1195 2580 1448 2678 absque
1481 2582 1622 2654 ullo
1646 2580 1879 2679 labore
1911 2637 1935 2672 ‚
1991 2588 2062 2657 &
2102 2585 2215 2656 vix
2250 2584 2389 2654 ulla
2422 2582 2710 2654 molesta
2734 2586 3095 2659 ventriculi

485 2714 529 2765 ς.
552 2703 781 2753 Vomitus.
833 2681 1092 2771 sursum
1113 2680 1611 2781 resupinatione
1640 2684 1937 2754 vomitus
1963 2683 2136 2754 mihi
2161 2682 2517 2755 succedere
2544 2682 2753 2755 soleat
2777 2737 2800 2771 ,
2835 2684 3095 2784 quippe

834 2786 993 2859 cum
1023 2782 1435 2861 ventriculus
1461 2805 1607 2854 tum
1658 2779 1893 2880 sponte
1921 2836 1942 2869 ,
1986 2784 2287 2854 irritatus
2316 2783 2562 2855 scilicet
2591 2785 2631 2854 a
2663 2780 2799 2856 bile
2836 2785 3094 2861 sursum

832 2906 1189 2962 moveatur
1230 2934 1252 2969 ‚
1299 2906 1447 2954 tum
1472 2878 1664 2979 quafi
1690 2908 1809 2980 per
1837 2885 1981 2956 vim
2011 2935 2031 2971 ‚
2055 2908 2172 2982 per
2187 2893 2224 2933 -⁸
2266 2885 2624 2965 συμπείθουσιν
2662 2882 3106 2955 membrana..

833 3010 988 3055 rum
1032 2980 1285 3054 cerebri
1318 2984 1542 3082 primo
1574 2981 2078 3061 contrac‘tarum
2112 2979 2371 3053 sursum
2417 2980 2724 3052 trahatur
2751 2988 2820 3056 δε
2841 2984 3095 3056 ττειὲὶιις

833 3080 1183 3157 offendens
1223 3108 1481 3178 aquam
1511 3080 1549 3152 ὲ
1598 3078 1875 3153 cerebro
1914 3080 2359 3160 distillantem
2386 3133 2411 3167 ‚
2467 3106 2619 3151 eam
2673 3084 2846 3153 inter
2898 3082 3095 3153 dela-

540 3202 689 3259 Quem
713 3197 803 3245 *ns-
830 3182 1138 3269 bendum
1169 3184 1241 3259 in
1283 3182 1518 3252 medio
1550 3179 1745 3251 cursu
1773 3182 1953 3252 circa
2003 3183 2359 3281 proprium
2419 3178 2760 3251 orificium
2796 3181 3095 3259 necdum

483 3271 805 3361 {⁸12¹}32.15÷‘3
832 3286 903 3356 in
952 3281 1254 3366 fundum
1296 3279 1645 3379 delapsam
1677 3278 1969 3381 abripiat
2004 3309 2024 3357 3
2057 3284 2249 3368 cujus
2292 3302 2778 3375 argumentum
2813 3277 2908 3349 est
2946 3278 3098 3353 sali·-

485 3373 783 3440 Wm‘h‘·
832 3385 1019 3457 vatio
1070 3378 1305 3452 crebra
1345 3384 1631 3470 jamjam
1667 3378 2029 3458 instantem
2090 3379 2428 3453 vomitum
2468 3401 2877 3477 praecurrens
2922 3403 3098 3480 prae-

832 3480 1317 3577 nunciansque.
3171 3488 3182 3495 ’

931 3582 1122 3654 Nam
1148 3577 1342 3677 quod
1370 3580 1783 3653 ventriculus
1810 3578 1850 3650 a
1878 3577 2238 3663 contfaffis
2279 3574 2537 3649 cerebri
2583 3576 2994 3665 membranis
3024 3580 3095 3652 vi

829 3679 1088 3757 sursum
1114 3680 1534 3753 convellatur
1562 3680 1993 3775 aliquatenus
2020 3679 2394 3750 luculenter
2427 3676 2895 3750 demonstrant
2928 3704 3101 3749 con-

829 3776 1071 3852 vulfivi
1098 3785 1169 3853 δε
1199 3779 1544 3853 evidentes
1570 3782 1774 3850 totius
1806 3777 2193 3850 abdominis
2220 3776 2531 3866 doloreS,
2571 3780 2692 3874 qui
2722 3779 2792 3848 in
2829 3803 2939 3849 me
2975 3777 3100 3847 he-

828 3879 1183 3949 micraniae.
1201 3876 1557 3965 successere
1587 3933 1612 3967 ‚
1676 3878 1790 3950 sed
1830 3879 1902 3947 in
1955 3880 2106 3948 aliis
2155 3876 2449 3959 eandem
2496 3879 2905 3957 comitantur
2936 3924 2962 3968 2
3014 3900 3100 3958 uu

828 4002 913 4061 ex
936 3975 1236 4075 sequenti
1265 3978 1731 4081 observatione
1759 3976 2109 4063 constabit.
2633 3998 2638 4003 ’

915 4149 955 4202 ⁸
1033 4126 1409 4211 consensum,
