3593 5087
2784 498 2866 551 11

574 603 780 683 ibona
811 594 1052 683 Edu'ca
1082 663 1107 698 ,
1151 602 1450 681 educato
1478 600 1592 678 sed
1639 600 1867 677 adhuc
1909 594 2315 677 balbutienti
2342 594 2722 677 Vaticanus
2770 629 2846 674 os

596 712 866 809 aperias
889 763 913 795 ‚
960 707 1430 803 fistentemque
1456 704 1546 777 ad
1576 708 1972 805 graviorum
1996 702 2373 775 Censorum
2404 700 2714 773 subsellia
2766 703 2855 776 ab

594 809 901 880 infantili
937 806 1169 878 liberes
1200 830 1454 905 pavore
1480 835 1500 883 3
1560 803 1836 876 confilia
1868 855 1889 887 ‚
1957 804 2308 875 sententias
2370 808 2440 874 &
2497 800 2856 873 strenuita-

592 931 747 979 tem
767 961 790 994 ,
826 931 977 1003 quae
998 908 1039 977 ὲ
1070 906 1269 979 Divis
1302 903 1623 979 Paventia
1650 955 1675 990 ,
1742 902 1973 975 Conso
1995 956 2018 989 ,
2070 902 2298 973 Sentia
2327 955 2351 987 ,
2423 926 2627 999 atque
2675 899 2854 974 Stre-

596 1030 739 1076 nua
790 1007 920 1105 piae
970 1031 1217 1078 matres
1270 1004 1400 1077 suis
1461 1028 1785 1104 expetunt
1840 1000 2142 1088 liberiss
2186 1001 2460 1099 inspires
2486 1031 2506 1080 ;
2549 999 2849 1095 denique

600 1105 905 1203 amplam
954 1104 1138 1203 spem
1179 1112 1248 1179 δε
1283 1102 1705 1175 constantem
1744 1102 2132 1195 eutychiam
2154 1155 2177 1188 ,
2226 1124 2434 1195 atque
2477 1102 2516 1171 *a
2550 1099 2847 1177 fortuitis

587 1201 1025 1299 adversisque
1066 1206 1445 1275 immunem
1495 1228 1618 1274 ceu
1686 1203 1840 1274 Dea
1898 1198 2178 1275 Venilia
2212 1197 2653 1296 Fortunaque
2682 1255 2707 1290 ,
2770 1210 2845 1278 δε

588 1300 818 1374 bonus
851 1300 1114 1374 Genius
1151 1302 1450 1401 benigne
1478 1304 1849 1401 impartias,

695 1400 1065 1473 Enimvero
1110 1403 1275 1472 cum
1298 1401 1658 1471 vehemens
1705 1403 2104 1496 intentaque
2156 1398 2398 1469 mentis
2443 1404 2789 1475 contentio
2819 1460 2843 1492 ‚

585 1525 813 1594 atque
852 1499 1109 1570 assidua
1157 1499 1518 1571 meditatio
1563 1497 1736 1568 nihil
1763 1524 1900 1569 non
1936 1499 2250 1596 quamvis
2280 1494 2591 1571 abditum
2623 1557 2647 1589 ,
2699 1503 2846 1575 abs-

532 1692 535 1695 *
591 1598 856 1670 trusum
893 1651 917 1686 ,
984 1604 1055 1672 δε
1097 1599 1249 1669 altis
1283 1598 1671 1669 immersum
1720 1596 2010 1670 tenebris
2066 1621 2258 1669 eruat
2297 1599 2484 1667 acin
2533 1625 2844 1699 apertum

594 1697 935 1797 proferat,
989 1698 1162 1768 nihil
1205 1722 1340 1767 non
1400 1698 1715 1794 quamvis
1782 1694 2064 1770 difficile
2119 1702 2190 1769 &
2236 1699 2645 1793 impervium
2697 1729 2851 1801 per-

594 1821 876 1893 rumpat
901 1794 1402 1896 pervadatque‚
1450 1794 1851 1867 incredibile
1882 1797 2036 1868 sane
2075 1794 2263 1867 dictu
2291 1796 2386 1867 est
2413 1804 2482 1871 ὅ(
2519 1824 2851 1893 quantam

596 1895 720 1965 i-lla
761 1895 1059 1993 benigna
1113 1920 1233 1966 tua
1273 1896 1709 1990 compellatio
1766 1896 2166 1966 facilitatem
2220 1921 2425 1991 atque
2483 1896 2852 1977 subsidium

586 1996 970 2079 contulerit
999 1997 1071 2062 in
1096 1993 1492 2065 renovanda
1521 1991 1693 2090 pene
1724 1996 2170 2064 intermortua
2211 1996 2544 2064 memoria
2572 2024 2808 2072 eorum
2828 2057 2853 2088 ,

598 2116 760 2185 quae
809 2115 968 2162 ante
992 2114 1094 2165 tot
1134 2115 1349 2161 annos
1374 2092 1443 2160 in
1468 2088 1723 2161 morbis
1751 2144 1773 2177 ,
1816 2117 2117 2187 quorum
2149 2091 2454 2161 Historia
2495 2097 2859 2170 retexenda

598 2192 773 2261 mihi
802 2190 975 2277 fuit,
1023 2187 1453 2261 observatam
1479 2241 1501 2276 ,
1549 2195 1621 2260 δε
1649 2215 1986 2281 quantam
2036 2189 2242 2286 porro
2288 2191 2710 2264 alacritatem
2750 2223 2857 2266 ar-

603 2288 987 2383 doremque
1013 2288 1317 2375 injecerit
1349 2289 1422 2355 in
1456 2287 1878 2457 suspicienda
1906 2288 2521 2386 prosequendzique
2542 2295 2856 2367 recondi-

598 2411 691 2458 tae
722 2393 792 2459 &
833 2387 1102 2457 latentis
1142 2410 1377 2456 eorum
1411 2412 1562 2456 mor
1611 2412 1809 2457 orum
1857 2410 2116 2458 naturae
2138 2387 2634 2483 causarumque
2656 2394 2854 2466 inda-

605 2488 887 2585 gatione
912 2538 934 2574 ,
960 2491 1031 2561 δε
1055 2483 1382 2580 exquisita
1406 2485 1938 2584 symptomatum
1955 2485 2049 2558 ad
2087 2512 2240 2559 eam
2258 2486 2852 2586 investigationem

606 2580 975 2657 necessaria
1007 2583 1565 2657 consideratione.
1604 2586 1820 2674 Cujus
1843 2585 2022 2657 certe
2051 2585 2314 2659 ardoris
2332 2613 2457 2659 ceu
2487 2592 2709 2664 vitalis
2733 2622 2854 2669 cu-

610 2683 882 2772 jusdam
932 2685 1177 2756 caloris
1223 2685 1351 2756 *ate
1378 2708 1711 2778 tanquam
1739 2682 2045 2783 benigno
2100 2684 2312 2759 fidere
2363 2695 2853 2770 communicati

607 2779 936 2854 beneficio
962 2785 1127 2879 quia
1176 2784 1285 2853 hic
1312 2786 1574 2882 ingenii
1605 2784 1811 2856 foetus
1867 2785 2333 2883 integritatem
2371 2788 2721 2885 vitamque
2760 2796 2856 2867 est

609 2882 1046 2958 consecutus;
1102 2881 1304 2970 habet
1334 2882 1640 2983 profesio
1677 2881 1873 2979 quod
1921 2908 1987 2955 te
2033 2909 2383 2983 parentem
2436 2890 2857 2980 agnoscat&

2889 1417 3093 1478 (Affidun
3107 1433 3208 1465 me-

2876 1480 3038 1525 ditatio
3068 1492 3208 1523 omn·

2873 1537 3078 1583 abditum
3157 1538 3207 1581 in

2875 1610 3077 1710 ἕρεῐειίπι
3102 1607 3206 1653 1²80—

2897 1668 2979 1701 ert.

604 2980 930 3081 praedicet
970 3005 1071 3052 tot
1100 2986 1172 3053 &
1217 3005 1563 3053 tantorum
1587 2981 1927 3053 bonorum
1966 3037 1987 3069 ‚
2036 3007 2189 3078 quae
2219 2985 2640 3060 nascentibus
2669 3016 2855 3064 com-
2939 3045 2948 3052 -

548 3087 557 3094 ’
604 3103 1026 3150 memoratos
1055 3079 1203 3148 illos
1231 3079 1446 3151 Divos
1469 3081 1773 3151 conferre
1812 3082 2108 3154 credidit
2135 3083 2524 3178 antiquita&

711 3157 1070 3264 Quo'niam
1098 3200 1323 3247 autem
1352 3177 1626 3247 salutari
1655 3179 1772 3249 tufi
1796 3204 1839 3246 o
1888 3206 1925 3249 e
1976 3184 2208 3253 enixus
2237 3207 2668 3259 communem
2709 3192 2860 3288 ges-

606 3277 698 3348 tit
750 3273 984 3349 videre
1025 3276 1250 3347 lucem
1278 3329 1302 3363 ‚
1366 3275 1773 3350 severiorum
1818 3205 1961 3348 [ΞΑ

610 3377 831 3460 tium,
884 3376 1346 3470 incertamque
1382 3375 1798 3464 judiciorum
1855 3374 2071 3451 subire
2119 3380 2340 3452 aleam
2373 3436 2395 3469 ,
2459 3412 2655 3457 tuum
2706 3412 2865 3460 ante

608 3474 851 3544 omnia
892 3473 1165 3572 supplex
1192 3475 1515 3571 implorat
1548 3479 2002 3574 patrocinium
2041 3533 2060 3568 ,
2100 3505 2288 3553 tuam
2328 3483 2540 3556 fidem
2569 3538 2593 3570 ‚
2672 3509 2863 3560 tuam

612 3570 987 3672 praehensae
1029 3573 1511 3646 authoritatem
1541 3627 1564 3660 ,
1629 3575 1753 3670 qui
1782 3577 2180 3652 insolentem
2233 3581 2719 3654 &inauditam
2747 3611 2862 3659 no-

609 3671 902 3744 vitatem
945 3667 1031 3739 ab
1065 3673 1257 3761 omni
1283 3673 1558 3756 monstri
1594 3674 1965 3773 suspicione
1988 3680 2339 3752 vindicare
2362 3733 2386 3765 ‚
2416 3678 2540 3774 qui
2563 3685 2863 3778 gratiam

612 3766 1005 3863 vacuosque
1032 3770 1294 3842 animos
1319 3774 1649 3845 veritatia
1689 3774 1752 3844 se
1788 3779 2176 3873 ‘propalatae
2224 3779 2466 3847 mereri
2495 3827 2523 3858 ,
2572 3781 2696 3874 qui
2739 3782 2864 3856 de-

542 3943 551 3946 „
610 3868 829 3962 nique
876 3869 1089 3939 vitam
1117 3867 1511 3965 famamque
1555 3872 1743 3944 suam
1774 3873 1862 3945 ab
1902 3876 2302 3952 invidorum
2332 3879 2685 3951 calumniis
2726 3882 2866 3955 sar·

612 3991 763 4040 tam
793 3966 1042 4038 testam
1073 3971 1245 4039 tueri
1275 3971 1516 4043 valeat.

715 4062 1283 4138 Circumfrement
1323 4095 1618 4166 namque
1662 4095 1825 4140 mox
1860 4068 2043 4143 haud
2076 4045 2322 4144 (Ιύδίῑο
2349 4075 2660 4177 undique
2705 4081 2866 4154 hinc

617 4161 862 4235 morosi
883 4152 1195 4238 'censores
1220 4219 1244 4254 ‚
1269 4169 1392 4262 qui
1429 4172 1496 4239 in
1543 4167 2026 4266 magistrorum
2058 4171 2263 4242 verba
2294 4177 2604 4260 jurarunt
2626 4234 2649 4266 ,
2677 4206 2832 4252 voci

611 4262 1143 4362 secabunturque
1197 4289 1339 4338 non
1380 4265 1735 4342 ferendam
1784 4268 2192 4344 hodiernam
2238 4273 2310 4346 in
2357 4276 2714 4351 scribendo
2755 4295 2866 4341 ca«

2431 4373 2480 4477 k>

1965 3306 2078 3351 are
2112 3283 2178 3350 in
2207 3284 2634 3383 conspefium
2672 3290 2888 3370 frons

2954 4087 3090 4137 Nulla
3116 4098 3229 4145 erg·

2899 4146 3220 4204 magistrorum

2898 4205 2947 4246 in
2987 4200 3119 4245 verba
3159 4212 3231 4252 lu-

2898 4271 3068 4313 rantes,
3091 4254 3229 4306 aliun,
