3593 5087
535 1392 693 1442 Causa
732 1400 859 1454 ⁸250·

536 1453 742 1496 cedente·
787 1461 858 1491 m-

536 1522 715 1563 term,

536 1645 581 1697 G:
599 1656 806 1694 externe.

896 444 1048 532 254
1149 431 1577 509 MORBI
1661 427 2302 509 THORACIS
2402 427 2963 513 INTERNI

996 564 1310 639 Fueritne
1368 564 1531 639 vero
1570 591 1930 665 propterea
1991 566 2216 665 spuria
2282 566 2642 665 pleuritis,
2711 593 2798 638 an
2841 572 3158 667 legitima

896 692 1034 739 non
1080 664 1351 765 disputo
1373 720 1397 752 ‚
1435 664 1653 737 modo
1704 665 1962 738 constet
1990 692 2292 740 externas
2322 667 2662 756 ejusmodi
2708 669 3103 764 pleuritides
3130 727 3155 761 ‚

890 789 1045 862 quae
1101 763 1232 838 five
1302 790 1649 837 externam
1699 768 2008 863 pleuram
2039 821 2060 855 ‚
2111 763 2254 838 five'
2297 766 2640 838 musculos
2702 769 3157 844 intercostales

889 862 1512 962 obsident-internis
1557 868 1898 964 gravitate
1945 874 2015 940 ὃ(
2070 865 2456 938 discrimine
2507 892 2645 938 non
2670 865 2916 938 cedere
2946 923 2968 955 ,
3013 872 3157 942 imo

890 964 1239 1064 superare:
1286 964 1481 1061 quod
1523 990 1683 1036 cum
1719 964 2049 1037 diuturna
2123 964 2635 1063 comprobarim
2692 969 3100 1065 experientia
3131 1024 3161 1057 ,

887 1089 1037 1136 tum
1063 1067 1237 1136 ratio
1262 1066 1473 1136 etiam
1502 1062 1765 1137 dictare
1800 1064 2130 1176 videtur„
2176 1065 2424 1138 scilicet
2452 1067 2521 1135 in
2548 1067 2688 1137 illis
2717 1069 3006 1139 materia
3042 1095 3157 1142 va-

885 1166 1189 1235 cuationi
1237 1190 1357 1264 per
1416 1162 1884 1236 anacatharfin
1956 1167 2179 1235 minus
2249 1165 2345 1238 est
2419 1164 2680 1237 ἀίἑὶειηι
2728 1164 2819 1237 ob
2882 1166 3154 1243 causam

888 1289 1304 1363 opportuna.

983 1363 1145 1464 Age
1171 1365 1387 1462 igitur
1418 1361 1615 1460 quod
1649 1362 1742 1434 ad
1774 1361 2006 1433 causas
2036 1362 2462 1458 synathrismi
2502 1358 2695 1435 serofi
2738 1363 3041 1436 humoris
3079 1361 3153 1439 in

891 1463 1038 1536 toso
1068 1459 1362 1551 attinet,
1410 1465 1512 1534 hae
1568 1461 1717 1533 sunt
1767 1461 1923 1533 sane
1983 1481 2232 1560 partim
2278 1465 2557 1535 internae
2594 1469 2665 1537 &
2723 1461 3152 1554 neceffariae‚

892 1564 1119 1636 calida
1140 1562 1386 1635 scilicet
1408 1569 1480 1636 &
1512 1559 1679 1632 ficca
1697 1561 2031 1635 viscerum
2057 1563 2524 1663 intemperies,
2553 1563 2805 1661 partim
2837 1589 3152 1653 externae,

893 1689 1094 1763 potus
1176 1688 1373 1759 aquae
1422 1663 1686 1759 largior
1759 1658 2055 1731 affiduus
2090 1715 2113 1749 ,
2199 1663 2617 1751 jusculorum
2681 1662 2832 1734 usus
2893 1718 2916 1751 ‚
2979 1663 3151 1736 den-

888 1762 1156 1860 fiorque
1196 1762 1497 1862 corporis
1540 1757 1810 1832 habitus
1857 1761 1896 1828 a
1927 1761 2243 1858 neglecto
2274 1763 2575 1861 corporis
2629 1762 2816 1834 cultu
2854 1764 2925 1835 in
2977 1763 3156 1836 duri

887 1864 1193 1960 saevaque
1232 1862 1472 1956 hyeme
1501 1854 1905 1960 praegressa:
1949 1861 2124 1931 inter
2161 1885 2508 1935 moventes
2552 1886 2782 1933 autem
2846 1861 2960 1935 seu
3017 1865 3149 1934 irn-

885 1966 1210 2067 pellentes
1245 1963 1581 2036 familiam
1620 1959 1817 2032 ducit
1860 1961 2282 2055 aquilonaris
2335 1959 2731 2033 constitutio
2777 1960 3148 2064 derepente

885 2065 1155 2136 saeviens
1184 2062 1550 2162 praesertim
1580 2057 1625 2131 st
1664 2057 1964 2130 austrina
1994 2056 2389 2159 praecesserit
2413 2115 2437 2147 ,
2500 2066 2694 2151 cujus
2732 2064 2976 2134 merito
3004 2062 3149 2134 san-

818 2228 825 2238 .
889 2166 1047 2262 guis
1083 2162 1372 2234 calidior
1422 2170 1490 2237 δι
1536 2159 1628 2232 ad
1682 2162 2346 2272 motum-proclivior
2378 2158 2577 2231 reddi
2607 2159 2807 2232 solet:
2871 2188 3009 2234 non
3053 2161 3151 2232 so-

544 3406 678 3467 (Cnr
709 3400 862 3449 mmet

542 3469 594 3508 fin
615 3459 861 3507 Calllstfin·

579 3520 666 3563 nu·
689 3518 863 3576 hyemi·

582 3592 629 3620 u·
657 3577 860 3643 pleuriti·

542 3633 633 3739 τε..
652 3634 864 3747 3ufeden·

883 2269 1030 2338 lum
1073 2267 1256 2336 enim
1302 2263 1558 2336 externi
1617 2261 1687 2333 vi
1741 2259 2016 2354 frigoris
2064 2259 2337 2359 sanguis
2391 2259 2754 2331 introrsum
2828 2263 3152 2361 pellitur,

883 2365 1000 2436 sed
1030 2361 1318 2434 influens
1343 2364 1528 2432 calor
1560 2358 1985 2458 praesentiam
2056 2362 2199 2448 ejus
2224 2358 2728 2459 perhorrescens
2778 2361 3015 2458 sponte
3047 2387 3149 2433 re·-

880 2463 1067 2561 fugit
1138 2463 1210 2531 in
1264 2460 1640 2559 praecordia
1693 2511 1716 2546 ,
1790 2466 1936 2552 ejus
2013 2483 2277 2530 motum
2346 2459 2514 2555 quia
2565 2457 2842 2554 sanguis
2896 2459 3155 2558 potiffi-

881 2564 1074 2633 mum
1128 2560 1485 2634 arteriosus
1536 2560 1887 2657 sequitur,
1954 2559 2110 2630 hinc
2147 2582 2368 2629 motus
2407 2557 2754 2653 sanguinis
2811 2583 2951 2629 non
3005 2584 3154 2631 tam

882 2663 952 2731 in
1021 2659 1275 2733 viscera
1331 2661 1652 2732 interiora
1703 2661 1818 2730 seu
1866 2661 2081 2730 fontes
2121 2660 2159 2728 *a
2201 2655 2445 2753 quibus
2491 2654 2714 2755 primo
2778 2652 2977 2727 fluxit
3023 2659 3146 2729 he-

882 2787 1006 2860 par
1090 2760 1338 2831 scilicet
1417 2766 1489 2833 &
1559 2762 1810 2831 lienem
1859 2813 1880 2845 ‚
1974 2760 2185 2851 qu'am
2260 2758 2329 2826 in
2406 2779 2625 2854 partes
2686 2755 2886 2825 cordi
2952 2756 3156 2847 adja-

882 2884 1105 2932 centes
1164 2872 1265 2941 uti
1311 2859 1459 2932 sunt
1501 2862 1738 2961 pleura
1824 2866 1894 2933 &
1961 2858 2319 2957 pulmones
2384 2849 2607 2953 ὀρμηῖν
2680 2861 2751 2929 &
2812 2856 3152 2955 impetum

884 2959 1107 3032 habet.

981 3057 1144 3146 Que
1176 3057 1328 3129 sane
1352 3057 1758 3156 plerumque
1805 3055 2166 3129 miscentur
2213 3053 2852 3153 complicanturque
2894 3055 3150 3152 pleuri-

886 3161 972 3232 tis
1020 3212 1042 3244 ,
1081 3165 1151 3230 ὃς
1206 3161 1770 3258 peripneumonia
1817 3157 1908 3232 ob
1957 3155 2515 3225 communionem
2565 3153 2925 3239 vasorum,
2982 3153 3154 3226 teste

891 3258 1329 3359 experientia.
1482 3256 1489 3269 “
2095 3295 2101 3301 ·

988 3358 1224 3456 Atque
1262 3357 1403 3427 haec
1430 3359 1627 3429 causa
1679 3383 1951 3430 externa
1982 3406 2005 3441 ,
2049 3351 2315 3426 diversa
2334 3351 2584 3422 scilicet
2620 3351 2788 3420 aeris
2814 3347 3156 3422 constitu-

893 3466 993 3537 tio
1031 3483 1361 3559 magnam
1407 3457 1554 3524 vim
1594 3458 1745 3529 san'e
1794 3456 1997 3527 habet
2017 3456 2091 3522 in
2115 3450 2498 3551 jugulendit
2529 3446 3011 3521 innumerabili
3035 3450 3161 3519 ho-

896 3566 1163 3635 minum
1217 3579 1646 3659 paganorum
1689 3555 1888 3625 turba
1941 3550 2230 3648 ‘singulis
2296 3549 2691 3646 hyemibus,
2735 3550 3164 3645 experientia

890 3690 1006 3735 me
1052 3660 1371 3732 haetenus
1401 3653 1729 3724 diuturna
1757 3651 2030 3722 docuit:
2102 3676 2262 3721 nam
2287 3677 2449 3721 cum
2499 3650 2601 3719 illi
2631 3647 2893 3720 rusticis
2925 3649 3177 3746 operi-

890 3761 1017 3833 bus
1049 3760 1285 3831 intenti
1315 3752 1592 3828 aestuent
1617 3806 1640 3840 ‚
1698 3748 1916 3823 subito
1945 3748 2182 3819 Boreae
2228 3745 2389 3820 flatu
2425 3747 2764 3833 concussi,
2807 3773 3009 3842 quem
3053 3748 3172 3817 le-

889 3859 1101 3931 vandi
1137 3857 1328 3929 :estus
1384 3862 1455 3929 δε
1477 3850 1609 3924 fitis
1641 3850 1870 3948 gratia
1910 3848 2090 3919 ultro
2123 3843 2548 3942 libenterque
2573 3845 2773 3919 :nudo
2798 3846 3178 3944 excipiunt

891 3983 1222 4057 corpore,
1273 3954 1586 4027 incidunt
1617 3944 2148 4047 frequentissime
2198 3945 2271 4014 in
2319 3944 2498 4017 hunc
2551 3945 2918 4031 morbum,
2968 3944 3175 4033 ejus-

890 4083 1028 4147 que
1073 4056 1399 4127 violentia
1441 4054 1664 4155 primo
1709 4073 2013 4152 tempore
2062 4044 2345 4118 minim'e
2381 4044 2644 4132 frasta,
2703 4071 2836 4143 ope
2879 4041 3182 4153 medic?

896 4152 1152 4257 quippe
1211 4153 1566 4246 destituti,
1631 4148 1820 4226 brevi
1868 4170 2212 4233 corruunt.
2278 4142 2496 4239 Quod
2568 4144 2725 4221 sane
2799 4164 3190 4225 annotant.

1745 4451 1773 4460 —
