3593 5087
768 405 844 486 'A
968 365 2273 520 cottuvrssflsssnosa:
2484 407 2638 501 ἠς

389 527 657 610 eumbat
709 537 977 609 tantum
1013 564 1034 613 ;
1085 537 1412 609 nimirum
1464 558 1827 610 nervorum
1856 532 2269 608 membranis
2314 532 2638 606 emollitis

385 660 591 731 atque
652 633 1089 716 effoeminatis
1145 652 1370 715 motus
1418 634 1722 723 tollitur,
1774 635 2075 708 servatur
2135 653 2376 706 autem„
2417 630 2640 702 sensus

390 755 558 805 cavo
609 733 1009 806 medullitus
1074 732 1405 832 insculpto
1457 734 1728 832 integro
1787 738 1861 808 δε
1891 731 2133 842 'libero
2185 730 2453 832 spiritui
2506 728 2638 801 ser·

383 855 566 903 vato.

488 929 722 1027 Atque
754 927 897 999 haec
929 925 1248 1029 paralysis
1284 953 1407 1028 pro
1441 928 1741 1002 humoris
1802 928 2195 1002 conditione
2237 928 2461 1025 magis
2503 926 2636 997 mi-
2660 911 2991 1017 ξζζζζξζξζῗ

384 1027 591 1099 nusve
634 1028 936 1126 pertinax
982 1023 1110 1100 effe
1156 1025 1391 1127 potest.
1459 1027 1527 1100 Si
1550 1041 1862 1127 'namque
1914 1027 2163 1100 setosus
2232 1027 2477 1098 humor
2514 1022 2990 1132 {in-‘¹³3250133m'1s’50·

384 1145 570 1196 cerus
603 1123 697 1197 est
725 1179 748 1212 ‚
805 1150 1060 1226 paucos
1090 1125 1268 1197 certe
1316 1128 1490 1198 intra
1549 1129 1806 1201 menses
1857 1128 1911 1197 is
1962 1125 2201 1198 resolvi
2233 1122 2452 1225 potest
2482 1174 2505 1209 ,
2559 1143 2636 1196 ut
2663 1102 2889 1205 {enim

381 1223 451 1294 in
470 1232 961 1318 parapoplexz'ae
1009 1224 1275 1319 htstorid
1305 1227 1645 1297 monitum
1672 1279 1695 1313 ,
1738 1224 1884 1297 imo
1932 1227 2104 1294 intra
2130 1220 2642 1294 hebdomadam

382 1324 453 1395 ὅ(
481 1346 739 1421 paucos
769 1321 913 1392 dies
939 1374 963 1409 ,
1013 1346 1088 1392 ut
1122 1323 1191 1391 in
1224 1325 1462 1419 puellis
1492 1321 1921 1397 observatum
1954 1326 2159 1415 capite
2193 1324 2265 1391 de
2304 1324 2645 1393 Hemicra-

382 1423 502 1490 m‘a
526 1472 547 1503 ‚
585 1426 656 1493 &
690 1421 863 1489 insta
900 1420 969 1490 in
1012 1419 1337 1515 hystericis
1382 1425 1588 1514 capite
1622 1425 1694 1490 de
1719 1420 2088 1515 Epilepfid:
2139 1417 2233 1490 fin
2265 1416 2429 1492 verb
2467 1416 2647 1490 sero-

382 1516 492 1588 sus
530 1517 780 1589 humor
836 1515 912 1589 fit
957 1520 1164 1589 etiam
1214 1518 1492 1589 mucoso
1538 1518 1791 1591 cerebri
1859 1543 2279 1590 excremento
2342 1513 2646 1616 perfusus

382 1615 479 1685 ita
512 1639 743 1686 tamen
770 1668 792 1702 ,
845 1640 923 1686 ut
950 1614 1170 1688 serum
1217 1641 1528 1715 exuperet
1563 1644 1844 1690 mucum
1873 1669 1897 1704 ,
1967 1622 2034 1691 &
2062 1615 2362 1689 miscella
2396 1613 2646 1688 fluxilis

380 1707 464 1784 fit
511 1767 534 1801 ,
601 1738 750 1786 tum
795 1712 1314 1816 haec-paralysis
1360 1716 1475 1786 vix
1531 1716 1915 1789 remedium
1968 1717 2222 1815 patitur
2254 1768 2279 1802 ‚
2329 1714 2647 1787 mucosus

380 1807 724 1908 fiquidem
751 1811 995 1884 humor
1045 1814 1087 1884 a
1114 1811 1332 1884 seroso
1364 1812 1700 1887 deducitis
1740 1838 2071 1886 extremos
2128 1816 2199 1883 in
2244 1838 2482 1887 nervos
2508 1838 2646 1912 prae

382 1909 668 1982 craffitie
699 1910 992 2009 perfecie
1044 1908 1287 1982 resolvi
1341 1913 1575 2007 nequit
1605 1966 1628 2000 ,
1700 1936 2106 2006 quanquam
2138 1908 2353 1982 serum
2377 1910 2593 2011 potest
2624 1943 2642 1985 ε

382 2033 465 2080 ex
498 2032 648 2104 quo
693 2008 916 2108 plures
972 2032 1182 2079 annos
1223 2005 1363 2078 imo
1411 2034 1629 2082 totam
1681 2012 1897 2082 vitam
1943 2031 2204 2103 quanta
2257 2033 2516 2102 quanta
2551 2009 2650 2079 est.

380 2104 713 2202 adaequat
746 2159 769 2193 ,
823 2111 892 2179 &
948 2132 1088 2177 non
1125 2103 1245 2176 nifi
1301 2110 1497 2205 aegris
1532 2108 1985 2179 commoritur
2014 2157 2037 2191 ,
2095 2108 2286 2194 cujus
2312 2104 2648 2178 indicium

379 2201 477 2276 est
505 2204 706 2300 quod
744 2207 812 2275 in
866 2204 966 2274 his
1025 2205 1390 2275 contra&ae
1423 2204 1572 2276 sunt
1624 2226 1935 2278 extremae
1983 2225 2204 2301 partes
2238 2225 2315 2273 ut
2345 2228 2586 2275 manus
2619 2256 2645 2292 ‚

379 2299 508 2373 nec
536 2302 789 2401 aperiri
880 2297 1107 2372 offunt
1159 2301 1463 2373 tetrastis
1497 2305 1567 2371 in
1594 2300 1660 2376 se
1690 2303 2073 2401 digitorum
2129 2299 2588 2401 phalangibus
2615 2355 2644 2390 ,

378 2423 507 2471 nec
567 2424 764 2471 crura
869 2400 997 2472 esti
1034 2452 1061 2487 ,
1100 2400 1283 2469 lento
1346 2400 1603 2498 quippe
1639 2405 1709 2475 ἀ
1751 2397 2028 2471 mucoso
2060 2399 2351 2471 humore
2418 2403 2644 2499 magis

380 2498 748 2598 magisque
784 2498 1111 2571 indurato
1132 2549 1159 2584 ,
1204 2518 1281 2568 ut
1313 2497 1667 2573 observare
1699 2497 1794 2573 est
1813 2500 1884 2571 in
1892 2499 2098 2591 fabro
2118 2501 2243 2571 illo
2270 2500 2583 2574 Pontano
2609 2555 2638 2590 ,

379 2602 577 2688 cujus
602 2598 756 2669 ante
798 2600 1054 2670 mentio
1076 2595 1275 2669 faeta.

482 2694 596 2768 lta
621 2696 925 2794 profecio
956 2695 1112 2767 mea
1144 2693 1427 2791 quidem
1455 2694 1779 2770 sententia
1808 2694 2094 2777 statuere
2128 2719 2396 2797 oportet
2420 2751 2444 2785 ,
2478 2700 2633 2772 cnm
2663 2694 2989 2802 ωξῑῗξξξξζξ

376 2812 515 2867 tres
576 2790 698 2864 fint
746 2821 784 2867 a
836 2795 1121 2894 oplexiae
1162 2793 1408 2893 species
1434 2821 1453 2870 3
1483 2796 1837 2891 sortzffi'ma
1877 2794 2168 2880 scilicet,
2223 2820 2378 2891 quae
2409 2795 2642 2869 statim
2803 2766 2859 2810 ν’

356 2893 698 2991 *spiritum
721 2821 973 2963 adimit
998 2944 1021 2978 ,
1076 2892 1534 2986 interimitque
1560 2918 1579 2966 ;
1608 2896 1821 2981 fortis
1854 2914 2008 2989 quae
2037 2893 2416 2965 violentum
2442 2949 2467 2983 ‚
2533 2898 2642 2966 in-

384 3012 792 3082 tentumque
824 2995 896 3062 ὅ(
938 2988 1293 3059 sublimem
1325 2990 1630 3086 spiritum
1676 2990 1905 3063 reddit
1935 3044 1959 3079 ,
2015 2984 2213 3080 cujus
2261 2989 2417 3062 duae
2444 2993 2644 3068 diffe-

385 3087 626 3159 rentiae
681 3088 722 3156 a
766 3086 1112 3157 nonnullis
1158 3083 1652 3158 constituuntur
1685 3140 1708 3174 ,
1761 3094 1832 3162 &
1881 3092 2048 3161 levis
2107 3112 2262 3187 quae
2291 3087 2643 3165 difficilem

384 3183 624 3255 adhuc
664 3188 735 3258 δε
778 3184 1193 3285 explicatum
1261 3183 1416 3256 ante
1478 3183 1785 3283 spiritum
1823 3188 2030 3259 trahit
2054 3239 2079 3273 ‚
2129 3191 2226 3261 ita
2263 3188 2641 3288 (inquam)

377 3280 676 3356 statuere
709 3306 980 3383 oportet
991 3281 1413 3378 sortffmam
1441 3282 1730 3379 quidem
1757 3285 1796 3356 a
1831 3282 2114 3356 mucoso'
2165 3289 2451 3363 humore
2509 3290 2643 3363 srve
2670 3287 2707 3333 ¹·
2721 3285 2993 3353 '‘mm-⁸1

378 3380 538 3454 (olo
559 3433 584 3467 ,
625 3378 756 3454 srve
810 3382 1037 3482 potius
1079 3381 1223 3453 sero
1252 3383 1566 3454 immixto
1600 3382 1715 3455 sed
1745 3384 1828 3457 ea
1860 3387 2297 3485 proportione
2320 3443 2344 3477 ,
2399 3412 2475 3461 ut
2524 3388 2642 3457 ille

380 3479 528 3553 hoc
564 3481 857 3552 multum
903 3503 1219 3580 exuperet
1251 3507 1273 3557 ς
1338 3489 1536 3555 levem
1586 3484 1819 3557 contra
1844 3483 1882 3554 ὲ
1925 3480 2064 3557 sero
2090 3483 2222 3563 five
2249 3489 2396 3560 solo
2415 3539 2442 3574 ,
2507 3483 2640 3557 five
2666 3503 2728 3551 11·
2746 3505 2907 3565 laevis,

378 3578 659 3651 mucori
688 3580 1024 3678 permixto
1046 3576 1162 3650 fed
1195 3580 1265 3650 in
1307 3580 1529 3681 pauca
1549 3581 1936 3657 admodum
2017 3588 2350 3658 uantitate
2385 3635 2411 3670 ,
2437 3607 2512 3654 ut
2539 3581 2639 3656 se-

375 3700 546 3751 rum
586 3675 801 3775 longe
822 3702 1030 3750 muco
1070 3677 1590 3778 praedominetur
1624 3712 1646 3761 ;
1662 3688 1906 3774 sortem
2015 3688 2265 3778 enique
2292 3685 2332 3754 a
2367 3682 2638 3758 miscela
2662 3724 2928 3777 amoni„

383 3774 740 3871 utriusque
756 3801 892 3849 non
908 3773 1110 3849 valde
1123 3776 1195 3850 di
1206 3776 1376 3877 spari
1395 3780 1702 3855 menfiira
1718 3780 2151 3854 coalescentis
2167 3778 2456 3877 produci
2474 3838 2498 3873 ,
2516 3808 2635 3859 cu·

386 3875 494 3962 ius
518 3872 676 3947 sane
704 3873 1036 3949 doch-inat
1068 3901 1550 3978 argumentum
1577 3880 1800 3954 habeo
1831 3877 2169 3975 singulare
2200 3877 2330 3952 hoc
2374 3886 2633 3984 experi-

384 3984 731 4049 mentum:
758 3978 967 4051 Anno
979 3978 1286 4065 nimirum
1307 3982 1558 4075 circiter
1573 3975 2355 4073 millfimosexcenrfimo
2375 3983 2627 4077 Stepha-
2653 3996 2947 4062 obtundet

389 4094 524 4159 pus
538 4075 615 4147 de
630 4073 941 4173 Ruiffiau
959 4127 987 4172 ,
1006 4077 1349 4171 Rufinus
1367 4131 1395 4173 ‚
1420 4078 1667 4157 nobilis
1688 4079 2028 4161 Advocati
2033 4078 2246 4183 filius
2266 4133 2295 4177 ,
2319 4108 2481 4185 puer
2508 4110 2642 4183 αρε,
