3593 5087
919 411 1070 495 430
1183 383 1597 466 MORBI
1687 377 2245 461 ExTERNI'
2326 379 2869 459 HABITUS

927 517 1223 586 medulla
1250 560 1279 594 ‚
1331 508 1525 608 quod
1558 505 1983 603 aequabiliter
2037 511 2109 580 δε
2166 509 2587 580 continenter
2647 507 2894 582 liberat
2942 536 3205 614 expur-

926 638 1188 714 gatque
1211 635 1416 710 caput
1471 608 1557 681 ab
1583 609 1773 681 omni
1795 605 1936 678 sero
1965 602 2303 704 superfluo
2330 636 2350 688 ς,
2384 607 2618 701 itaque
2683 609 2817 680 hoc
2858 612 3207 714 intercipit

926 722 1001 790 δι
1052 713 1138 785 ab
1184 709 1480 786 articulis
1513 708 1772 780 avertit.
1812 703 2034 794 Quod
2080 708 2236 776 cilm
2295 705 2602 806 praestent
2658 711 2908 807 pariter
2969 740 3210 807 caput-

927 817 1171 908 purgia
1191 810 1334 899 five
1358 808 1614 879 errlzina
1647 859 1668 892 ‚
1682 805 1829 894 sive
1860 805 2296 898 mczsticotoria
2305 810 2550 900 jejuno
2567 809 2916 901 stomacho
2966 810 3041 882 ό·
3065 815 3212 908 post

911 912 1266 1005 solemnem
1278 908 1736 1003 purgationem
1763 906 2320 1001 atquesrequenter
2346 907 2660 999 usiaerputa
2679 960 2702 993 ,
2745 934 2885 980 non
2937 909 3215 1007 polium

933 1036 1073 1082 non
1100 1007 1427 1110 probare,
1474 1029 1632 1104 quae
1656 1029 1893 1084 tamen
1941 1001 2285 1078 brevitatis
2310 1003 2517 1076 causa
2545 1012 2614 1081 ὃς
2643 1009 2811 1103 quia
2840 1007 3004 1081 satis
3047 1035 3214 1086 nota

936 1133 1206 1182 omitto,

574 1205 767 1252 ‘'mm’'
783 1207 897 1252 ‘³¹²⁰'
1037 1209 1176 1281 Hic
1224 1196 1498 1281 fortasse
1538 1203 1786 1299 aliquis
1840 1198 2245 1274 defiderabit
2277 1227 2354 1276 ut
2390 1204 2777 1278 consultum
2828 1229 3024 1281 eatur
3083 1211 3213 1280 im·
3296 1277 3303 1294 ,

530 1281 535 1288 .
699 1258 709 1267 ”
846 1254 858 1295 ἰ
877 1273 901 1288 0

565 1251 900 1417 11J²=⁶=3¹¹¹3<ifri·
941 1311 1283 1380 bec-illitati
1300 1308 1590 1401 partium
1603 1305 1997 1401 fluxionem
2001 1297 2493 1398 suscipientium
2513 1356 2533 1387 ,
2574 1308 2812 1378 verum
2845 1310 3007 1380 cum
3035 1335 3210 1383 non·-

569 1388 670 1423 ‘⁸‘⁸
703 1387 731 1417 ⁰
945 1406 1120 1479 dum
1153 1409 1538 1486 inveteratae
1579 1403 1701 1475 sint
1751 1399 2078 1473 fluxiones
2103 1454 2128 1488 ‚
2180 1401 2479 1500 ideoque
2513 1403 2871 1501 probabile
2898 1404 2978 1478 fit
3024 1434 3210 1483 artus

945 1509 1212 1580 nullam
1240 1501 1613 1578 notabilem
1641 1495 2045 1573 contraxiffe
2064 1499 2492 1574 debilitatem
2511 1556 2535 1589 ,
2577 1530 2716 1576 non
2745 1506 2841 1578 est
2870 1505 3073 1603 quod
3121 1506 3211 1582 de

795 1685 806 1698 ‚
948 1607 1031 1679 ea
1065 1608 1248 1681 anxii
1274 1601 1480 1679 valde
1522 1601 1721 1673 fimus
1746 1652 1772 1688 ,
1814 1602 1975 1671 cum
2003 1601 2368 1698 praesertim
2407 1604 2478 1673 in
2521 1602 2603 1674 ea
2629 1601 2750 1676 sim
2788 1603 3000 1678 heresi
3047 1610 3207 1679 arti-

583 1693 921 1812 g22?‡2}2⁸0‘⁸,
948 1707 1137 1779 culos
1186 1705 1435 1795 injuria
1479 1701 1771 1774 incusari
1805 1700 1877 1769 in
1920 1700 2022 1770 his
2066 1697 2410 1774 affectibus
2458 1707 2530 1775 δι
2576 1728 2690 1776 eos
2755 1703 3051 1780 omnino
3088 1703 3214 1779 effe

575 1822 703 1925 *αξξ*
732 1804 909 1865 “¹¹²¹'‘
951 1830 1134 1879 extra
1168 1807 1488 1906 culpam,
1535 1801 1943 1895 nullumque
1982 1800 2054 1869 in
2096 1801 2176 1871 iis
2225 1799 2506 1898 agnosci
2553 1803 2798 1875 vitium
2831 1859 2856 1892 ,
2907 1806 3023 1877 cui
3072 1833 3211 1878 me-

948 1907 1098 1980 deri
1124 1929 1452 2008 oporteat.
1481 1900 1730 1999 Neque
1757 1901 1943 1971 enim
1988 1895 2078 1970 ob
2131 1899 2482 1972 laxitatem
2533 1925 2653 1972 aut
2695 1907 3070 1978 cavitatem
3117 1906 3214 1978 fa-

949 2004 1079 2080 cile
1124 2005 1489 2106 suscipiunt
1517 2001 1840 2072 humores
1875 1996 2158 2070 aliunde
2187 1997 2500 2097 depulsos
2529 2053 2551 2088 ,
2610 2000 2724 2073 sed
2764 2006 2936 2100 quia
2986 2005 3135 2078 sunt
3174 2006 3218 2077 ὲ

925 2105 1192 2178 'natura
1227 2102 1680 2187 conformati,
1723 2123 1801 2171 ut
1839 2118 2167 2170 extremas
2208 2100 2525 2180 vasorum
2572 2107 2987 2201 propagines
3031 2109 3099 2177 &
3134 2102 3215 2174 fi..

950 2228 1068 2280 nes
1099 2203 1471 2276 admittant
1499 2252 1524 2287 ,
1573 2224 1728 2296 quae
1752 2198 2203 2270 extremitates
2227 2201 2382 2270 cum
2411 2200 2479 2269 in
2514 2200 2682 2271 alias
2715 2226 2940 2298 partes
2961 2200 3217 2301 suscep·

948 2326 1100 2376 tum
1126 2304 1485 2378 humorem
1509 2299 1856 2398 deponere
1900 2322 2285 2393 nequeant,
2334 2299 2492 2369 hinc
2538 2323 2676 2396 prae
2715 2302 2955 2373 ceteris
3010 2303 3217 2401 parti-

922 2402 1132 2482 ‚tibus
1176 2399 1530 2474 doloribus
1565 2400 1606 2470 a
1637 2395 1964 2470 decubitu
1983 2397 2351 2470 humorum
2381 2397 2586 2470 illatis
2623 2401 2925 2473 maxime
2957 2424 3221 2473 tentan-

949 2524 1080 2573 tur.
1121 2499 1480 2573 Nimirum
1530 2496 1753 2572 serum
1802 2522 1884 2568 ex
1921 2519 2068 2566 toto
2116 2497 2420 2596 corporis
2482 2495 2721 2571 habitu
2763 2499 3111 2600 repulsum
3147 2505 3222 2575 δε

953 2600 1028 2669 in
1060 2602 1324 2687 majora
1373 2596 1530 2670 vasa
1557 2619 1868 2669 remeans
1896 2592 2138 2668 senfim
2155 2619 2236 2665 ac
2255 2592 2489 2668 sensim
2515 2600 2588 2669 in
2616 2601 2909 2671 minima
2941 2598 3225 2672 tandem

954 2697 1026 2773 in
1061 2697 1362 2773 articulis
1386 2694 1747 2768 terminata
1782 2694 2166 2780 excutitur,
2216 2704 2372 2790 quae}
2420 2700 2587 2791 quia
2626 2700 2873 2770 in‘alia
2909 2723 3045 2770 non
3166 2699 3228 2768 ίῖ-

956 2795 1109 2869 sunt
1138 2796 1448 2872 derivare
1474 2848 1496 2882 ‚
1545 2797 1616 2866 in
1657 2818 1834 2866 cavo
1875 2792 2324 2867 articulorum
2371 2794 2618 2868 restitet
2647 2797 2820 2869 illud
2847 2725 3229 2871 necefffflst

959 2890 1936 2995 affligatquemembranosum
1964 2918 2187 2990 genus
2216 2895 2517 2967 articulis
2542 2893 2927 2969 obducium
2963 2927 2982 2966 ε
3036 2896 3233 2993 quod

960 2994 1011 3069 fi
1040 2998 1134 3067 ita
1173 2996 1309 3081 est,
1354 2992 1558 3067 facile
1583 2995 2046 3091 unusquisque
2071 2993 2406 3091 intelligit
2442 3021 2688 3093 parum
2721 2992 3040 3096 prodesse
3083 3020 3234 3091 quae

887 3162 893 3181 ,
962 3096 1267 3168 articulis
1307 3094 1811 3180 admoventur,
1844 3100 1914 3167 &
1951 3096 2065 3168 vix
2092 3092 2437 3192 prohiberi
2458 3090 2644 3193 posse
2666 3097 3005 3194 impetum
3039 3119 3238 3191 aquae

965 3195 1225 3292 magna
1251 3194 1321 3267 vi
1345 3189 1729 3291 depluentis
1769 3191 2311 3289 exundantisque
2337 3192 2373 3263 ὲ
2400 3190 2568 3266 vasis
2593 3191 2967 3285 majoribus
2995 3195 3069 3263 in
3095 3195 3239 3264 mi·-

968 3295 1159 3367 nima
1192 3290 1476 3365 tandem
1509 3291 1709 3379 vasa,
1765 3290 1887 3363 nifi
1942 3293 2099 3366 vasa
2151 3289 2557 3365 intermedia
2584 3293 2818 3390 aliqua
2841 3317 2985 3364 arte
3029 3289 3240 3365 strin-

970 3415 1222 3493 gantur
1251 3445 1274 3478 ,
1320 3396 1390 3464 δε
1418 3393 1513 3462 ita
1545 3392 2016 3492 intercipiatur
2062 3389 2274 3463 fluxio
2300 3444 2325 3479 ,
2379 3390 2570 3486 quod
2609 3418 2699 3463 an
2737 3416 2963 3465 tutum
2994 3386 3073 3462 lit
3107 3392 3237 3466 alii

972 3492 1273 3566 viderint
1299 3545 1324 3579 ,
1373 3491 1532 3561 cum
1559 3490 1767 3587 longe
1798 3495 2023 3564 minus
2047 3493 2312 3565 malum
2342 3488 2660 3563 videatur
2703 3515 2982 3564 externa
3025 3515 3243 3565 mem-

976 3591 1103 3666 bra
1119 3591 1357 3665 dolere
1379 3589 1590 3688 qu'am
1608 3588 1867 3661 nobilia
1883 3597 1952 3663 δι
1977 3592 2241 3665 interna
2257 3587 2580 3688 gravibus
2595 3591 2839 3690 exponi
2860 3588 3241 3665 affectibus.

606 3714 937 3787 opoqynaaem-
1080 3690 1178 3765 At
1228 3694 1300 3763 ui
1320 3714 1722 3787 quanquam
1754 3687 1895 3758 haec
1926 3688 2019 3757 ita
2046 3685 2168 3758 fint
2191 3740 2216 3775 ,
2270 3713 2411 3760 non
2452 3692 2787 3765 vetuerim
2811 3714 2933 3762 aut
2958 3686 3247 3762 artubus

603 3772 939 3882 23:²5¹?ffiffl:
985 3717 1407 3881 jam'affflicfis
1425 3791 1731 3886 anodyna
1744 3787 2106 3885 applicari,
2150 3811 2270 3858 aut
2284 3812 2420 3886 quae
2433 3783 2779 3883 diffidant
2797 3790 3105 3885 reliquias
3123 3788 3246 3856 de-

607 3888 816 3940 ”fl‘ssm'
841 3919 858 3942 ·
895 3890 940 3935 Β
960 3895 1162 3987 fluxi
1205 3890 1496 3962 humoris
1514 3941 1539 3976 ,
1569 3884 1643 3958 ό·
1667 3896 1944 3959 calorem
1980 3888 2053 3957 in
2087 3889 2179 3956 iis
2207 3894 2470 3960 vitalem
2475 3887 2758 3980 foveant
2776 3895 2878 3962 vet
2894 3889 3247 3965 aniciam.

607 3950 938 4061 iiii'ffissiii:
982 3989 1199 4078 Cujus
1233 3989 1495 4087 generis
1548 3985 2065 4059 medicamentis
2110 3984 2266 4058 libri
2320 4011 2557 4059 omnes
2591 3986 2820 4059 referti
2839 4041 2864 4075 ‚
2910 3990 2986 4060 δι
3007 3986 3086 4056 iis
3114 4007 3246 4054 ac-

611 4064 712 4115 ¹’¹²⁸·
743 4079 766 4107 ‘
986 4088 1353 4189 censuerim
1381 4088 1617 4169 lubens
1647 4083 2461 4192 tt111²f‘”¹¹‘'⁸²⁴⁸‘'ff‘'”gi‘2
2488 4093 2666 4168 '²⁰⁷³'
2688 4133 2722 4172 ³
2756 4111 2899 4197 qm
2922 4084 3248 4169 ''mm‘'
