3593 5087
918 352 1065 448 '148
1181 345 1586 424 MORBI
1691 341 2207 423 CAPITIS
2311 333 2862 426 INTERNI

919 479 1253 579 phragma
1282 530 1306 565 ‚
1360 478 1811 551 ventriculum
1837 529 1861 563 ,
1918 461 2364 569 intestinaque
2395 501 2555 563 cum
2610 500 2804 548 utero
2844 481 2910 551 ἃ
2943 473 3167 552 vesse}

922 579 1208 660 convelli
1241 629 1261 664 ‚
1317 579 1546 672 itaque
1575 601 1856 646 munera
1912 576 2065 646 vitae
2095 575 2431 672 praecipua
2464 573 2990 670 quodammodo
3024 577 3171 649 ces·

924 673 1065 744 sare
1098 727 1118 760 ,
1171 680 1242 746 &
1281 698 1522 773 corpus
1549 671 1933 745 universum
1960 670 2149 768 quasi
2186 697 2569 744 emortuum
2604 678 2842 756 jacere.
3148 693 3167 746 )

605 795 673 862 ,εὶ
758 791 898 862 'rufi'-
1024 772 1212 843 Nam
1259 775 1635 870 propagine
1687 772 1850 842 sexti
1910 769 2308 869 septimique
2345 768 2383 860 (
2417 773 2555 842 liaec
2603 773 2795 868 paria
2839 773 3025 842 enim
3082 770 3177 846 ab

574 864 839 965 ἷζζῗωῑζῖξζ
877 880 895 905 ’
932 873 1328 941 anatomicis
1368 869 1882 941 confunduntur
1916 869 1960 961 >
2020 893 2172 963 quae
2214 869 2410 938 cordi
2465 868 2769 940 inseritur
2818 871 3176 944 contrastfi

573 964 898 1068 fgt‘jssgff‘gf
932 968 1389 1066 convulsaque
1420 963 1672 1039 necesse
1700 966 1940 1050 estxcor
1966 969 2184 1063 ipsum
2213 966 2535 1063 rigescere
2559 1020 2582 1053 ‚
2626 961 2951 1062 omnique
2977 994 3176 1052 motu

571 1077 673 1122 ¹⁸⁸³
933 1069 1184 1164 privari
1225 1120 1250 1153 ,
1313 1068 1545 1161 itaque
1600 1066 1951 1164 spirituum
1994 1068 2065 1134 in
2119 1077 2361 1160 corpus
2409 1066 2787 1137 universum
2840 1064 3176 1140 influxum

930 1167 1234 1262 intercipi
1266 1217 1287 1250 ‚
1345 1190 1426 1234 ac
1451 1165 1739 1262 proinde
1773 1165 1929 1236 vitae
1963 1164 2155 1233 usum
2187 1160 2521 1233 subfistere
2548 1162 3176 1252 siveintermittere,
3210 1191 3213 1196 ’

687 1312 712 1363 5
931 1271 1001 1358 ὃς
1046 1288 1283 1361 corpus
1325 1262 1695 1360 algescere:
1751 1267 1951 1333 varice
2002 1285 2297 1355 namque
2364 1260 2513 1331 sunt
2562 1263 2859 1358 origines
2911 1262 3022 1334 seu
3055 1288 3172 1334 ca-

927 1364 1070 1460 pita
1131 1363 1375 1431 horum
1424 1363 1691 1458 parium
1728 1411 1750 1444 ,
1796 1383 1950 1453 quae
1997 1361 2294 1457 origines
2348 1358 2505 1430 licet
2559 1365 2801 1430 coe‘ant
2827 1412 2849 1444 ,
2893 1358 3179 1432 diversis·

929 1485 1157 1530 tamen
1202 1483 1492 1555 quaeque
1544 1457 1846 1568 partibus
1893 1455 2295 1528 inseruntur.
2333 1456 2571 1553 Atque
2631 1459 2789 1528 hinc
2829 1457 2903 1528 fit
2943 1484 3021 1528 ut
3052 1485 3174 1530 va-

931 1560 1046 1629 rioe
1086 1581 1305 1655 partes
1337 1554 1721 1627 afficiantur
1769 1553 2233 1662 &xvibrentur
2263 1553 2595 1626 duntaxat
2619 1558 2868 1628 caeteris
2896 1551 3176 1655 integri-

933 1679 1145 1727 tatem
1172 1653 1580 1728 servantibus
1618 1707 1640 1739 ‚
1691 1652 1950 1745 scilicet,
1969 1652 2183 1725 modo
2230 1654 2518 1725 musculi
2556 1654 2856 1753 laryngis
2888 1707 2908 1740 ,
2959 1654 3181 1727 modo·

934 1753 1389 1851 diaphragma
1429 1805 1450 1838 ‚
1516 1750 1730 1823 modo
1771 1758 1841 1825 &
1865 1751 2384 1847 frequentissime
2412 1778 2636 1824 uterus
2666 1759 2737 1827 ὅ(
2766 1750 2980 1825 vesica
3007 1806 3030 1839 ‚
3064 1769 3175 1824 ut-'

933 1853 1092 1952 pote
1135 1870 1356 1951 partes
1397 1853 1469 1920 in
1501 1849 1749 1946 quibus
1785 1852 2234 1923 extremitates
2264 1851 2512 1922 horum
2546 1877 2911 1924 nervorum
2945 1854 3176 1922 termi-

938 1974 1203 2023 nantur.
1877 2031 1883 2034 .

617 2076 685 2147 ,εἰ
768 2065 908 2146 {ini}-
1036 2048 1198 2138 Jam
1230 2045 1276 2118 fi
1323 2048 1544 2147 princi
1598 2049 1740 2118 ium
1787 2047 2061 2147 spinalis
2106 2047 2424 2118 medullae
2453 2049 2491 2119 ὲ
2519 2048 2661 2119 sero
2708 2073 2863 2118 cum
2914 2050 3178 2148 impetu

587 2134 911 2244 fgffilf'ssssm
941 2148 1287 2248 impetitur
1313 2198 1337 2233 ,
1379 2073 1744 2218 neceiiarib
1801 2146 1981 2217 certe
2025 2147 2479 2217 externiartus
2504 2148 3008 2223 convelluntur;
3058 2147 3181 2218 sed

589 2260 913 2350 22¹·“2‘ffi's2
946 2253 1015 2320 ὅ(
1056 2249 1222 2347 quia
1275 2246 1465 2344 paria
1497 2270 1790 2316 extrema
1818 2267 2111 2339 quatuor
2146 2245 2422 2315 cervicis
2447 2245 2710 2317 necnon‘
2744 2242 3081 2328 lumbares
3108 2251 3180 2319 δε

589 2334 709 2402 anm'
771 2319 912 2406 “iam
944 2343 1110 2417 sacri
1137 2344 1292 2415 'offis
1314 2341 1879 2413 nerviintrorsum
1906 2345 2113 2412 etiam
2141 2341 2475 2437 quasdam
2502 2345 2818 2415 emittunt
2898 2345 3177 2441 ropagi-⁴

588 2413 805 2464 ¹⁸³⁸⁸⁰⁸⁵’
943 2468 1057 2514 n-es
1093 2498 1116 2531 ‚
1179 2443 1216 2513 ὲ
1254 2441 1512 2512 cervice
1536 2439 1820 2536 quidem
1846 2442 2062 2514 exorti
2091 2443 2163 2511 in
2191 2439 2547 2540 laryngem
2572 2448 2640 2515 δε
2670 2370 3127 2541 ἀίαρξτειςῐηει
3154 2492 3187 2527 ,

940 2542 1277 2614 lumbares
1308 2563 1535 2611 autem
1575 2545 1643 2612 ὅ(
1677 2538 1844 2609 sacri
1885 2540 1955 2609 in
1992 2564 2256 2612 uterum
2286 2563 2321 2627 ‚·
2362 2566 2572 2636 atque
2604 2541 2740 2612 haec
2769 2540 3181 2640 propagines

940 2644 1190 2713 coeunt
1216 2692 1239 2725 ‚
1289 2634 1419 2711 five
1478 2639 1700 2736 potius
1752 2637 2170 2735 colligantur
2203 2664 2362 2710 cum
2411 2638 2822 2735 quibusdam
2856 2639 3185 2739 propagi-

943 2738 1140 2811 nibus
1174 2736 1335 2809 sexti
1379 2736 1775 2836 septimique
1823 2739 2093 2835 parium
2126 2789 2150 2824 ‚
2202 2736 2365 2808 inde
2415 2764 2572 2811 cum
2639 2743 2921 2812 externis
2978 2738 3189 2837 parti-

938 2836 1063 2909 bus
1105 2839 1239 2910 una
1268 2861 1547 2931 quoque
1591 2838 2063 2910 convelluntur
2091 2837 2329 2929 larynx
2354 2888 2376 2921 ,
2411 2837 2872 2935 diaphragma
2916 2843 2986 2910 δε
3039 2859 3189 2907 ute-

943 2959 1075 3007 rus.
1127 2934 1294 3024 Quo
1342 2933 1495 3005 sane
1529 2936 1599 3005 in
1641 2935 1975 3033 plerisque
2014 2934 2412 3005 mulieribus
2458 2935 2801 3029 hystericis
2831 2937 2932 3007 hae
2968 2956 3197 3034 partes

934 3033 1081 3105 ‘sere
1135 3034 1390 3132 semper
1438 3038 1508 3106 δ(
1553 3030 2076 3128 frequentissime
2102 3083 2127 3119 ,
2176 3037 2246 3105 δ(
2275 3033 2440 3129 saepe
2468 3033 2621 3104 solae
2667 3035 3188 3120 convelluntur,

944 3130 1076 3203 five
1114 3130 1471 3203 contraitis
1516 3132 1741 3230 primo
1780 3133 2068 3232 propriis
2118 3130 2438 3203 medulla:
2472 3130 2512 3199 s
2548 3132 2745 3201 inalis
2787 3133 3195 3229 propagini·-

946 3229 1069 3303 bus
1118 3285 1142 3318 ,
1202 3227 1331 3304 five
1379 3231 1724 3327 pertrastis
1776 3234 1999 3331 potitis
2046 3254 2164 3327 per
2244 3158 2634 3300 consensum
2692 3225 3201 3327 propaginibus

945 3328 1108 3401 sexti
1133 3330 1314 3431 paris
1354 3328 1426 3397 in
1457 3329 1609 3400 illas
1637 3354 1857 3430 partes
1886 3326 2318 3403 tendentibus
2343 3381 2367 3416 ‚
2398 3325 2635 3428 utpote
2671 3349 2823 3423 quae
2855 3327 3203 3426 propagi-

951 3454 1068 3501 nes
1099 3430 1394 3504 invicem
1426 3425 1789 3500 miscentur
1815 3456 1894 3500 ac
1918 3428 2351 3525 colligantur.
2716 3471 2728 3481 ·
2986 3423 2995 3433 ‘

627 3555 809 3606 nomn
831 3556 958 3624 aga..
1053 3529 1155 3601 Ut
1198 3526 1405 3626 longe
1467 3526 1687 3596 aliena
1745 3524 1820 3598 fit
1866 3526 1957 3600 ab
2017 3524 2425 3624 experientia
2492 3522 2902 3621 quotidiana
2944 3522 3188 3617 Clarifi

597 3616 1094 3719 §fflmmfimi
1160 3630 1240 3700 V
1233 3630 1320 3699 in·
1359 3628 1628 3699 Horatii
1677 3627 1968 3719 Eugenii
2012 3626 2249 3726 opinio
2311 3624 2658 3696 statuentis
2713 3625 2784 3694 in
2853 3622 3204 3717 hystericis-

956 3725 1231 3800 inanem
1269 3719 1400 3797 effe
1439 3722 1766 3796 duntaxat
1827 3722 2278 3798 suffocationis
2326 3747 2591 3796 metum
2627 3777 2650 3810 ‚
2695 3727 2765 3795 δ(
2800 3723 2964 3793 laesae
3003 3744 3190 3791 men-

957 3824 1040 3905 tis
1081 3824 1327 3901 vitium
1382 3818 1513 3896 effe
1544 3826 1767 3923 potius
1819 3874 1843 3909 ,
1909 3825 2135 3920 quam·
2158 3848 2397 3898 verum
2443 3820 3003 3919 strangulationis
3047 3819 3190 3889 sen·

953 3919 1102 3992 sum
1165 3948 1301 3994 non
1361 3924 1543 4003 enim
1623 3919 1913 3993 dubium
1962 3920 2057 3994 est
2097 3948 2334 3995 verum
2384 3916 2515 3992 esse
2559 3916 2896 4009 ejusmodi
2942 3924 3015 3991 &
3049 3939 3197 3986 non

950 4019 1445 4118 imaginarium
1490 4017 1756 4103 sen-sum
1779 4018 2235 4103 suffocationis
2263 4023 2343 4101 in
2391 4016 2709 4105 omnibus
2738 4068 2763 4115 ,
2822 4019 2979 4095 cum
2995 4068 3021 4111 ,
3070 4028 3213 4096 am}
