3593 5087
933 478 1016 550 ό.
1035 483 1464 581 potentiffimae
1487 533 1509 566 ‚
1558 482 1878 576 menstrua
1895 482 2212 575 purgatio
2227 534 2251 568 ‚
2287 476 2361 551 ό·
2403 477 2927 579 haemorrhoidum
2928 486 3192 578 fluxus

909 577 1195 672 solemni
1209 580 1565 674 suppreſj'a.

1033 678 1357 775 Namque
1408 678 1495 750 ab
1523 679 1675 750 aliis
1708 675 1786 749 fit
1833 674 2084 765 caufi5‚
2132 678 2421 750 ut·totio
2474 702 2632 748 cum
2674 677 3186 776 pleniore'vistu

932 780 1303 867 conjunRO
1330 831 1353 864 ,
1408 779 1517 849 vel
1549 773 1840 848 membri
1877 777 2165 865 alicujus
2194 777 2622 847 mutilatione
2652 829 2675 862 ,
2726 779 2893 871 quia
2934 780 3004 847 in
3048 782 3191 878 ple-

934 876 1135 947 thora
1163 876 1250 948 ab
1291 878 1394 948 his
1423 873 1634 947 causis
1671 881 1742 948 &
1798 876 2071 974 sanguis
2125 871 2373 946 craffus
2404 877 2911 970 minimumque
2948 877 3191 949 setosus

933 973 1025 1045 est
1044 1028 1067 1061 ,
1096 982 1167 1048 &
1198 1002 1356 1047 cum
1389 977 1469 1047 efi
1504 975 1950 1064 conjunstum
1978 974 2070 1045 est
2099 975 2348 1045 virium
2378 972 2583 1046 robur
2610 1027 2634 1061 ‚
2686 973 2812 1043 illa
2843 974 3023 1045 certe
3050 978 3185 1076 ple-

933 1073 1181 1145 nitudo
1211 1099 1328 1146 aut
1353 1077 1393 1146 ἐι
1428 1099 1673 1146 natura
1697 1073 1834 1146 fere
1852 1072 2220 1172 deponitur
2259 1070 2387 1147 sive
2415 1100 2533 1172 per
2561 1073 3138 1172 haemorrhagiam
3161 1129 3183 1163 ‚

934 1169 1067 1244 five
1093 1197 1451 1246 cruentum
1500 1174 1637 1245 alvi
1732 1170 2100 1245 rofluvium
2136 1201 2162 1248 3
2214 1196 2331 1243 aut
2358 1169 2406 1241 st
2458 1171 2712 1243 diutius
2739 1171 3015 1270 sanguis
3062 1173 3189 1245 hae-

935 1296 1037 1343 ret
1073 1275 1335 1344 ratione
1374 1198 1838 1344 multitudinis
1892 1272 2291 1342 incuneatus
2322 1276 2391 1346 &
2419 1271 2861 1344 ventilatione
2889 1271 3191 1370 prohibi-

939 1394 1042 1441 tus
1082 1369 1280 1445 brevi
1334 1371 1687 1471 putrescit,
1755 1371 1864 1445 vel
1917 1367 2428 1446 inflammatur;
2480 1371 2573 1441 ita
2629 1395 2713 1441 ue
2769 1366 2974 1443 febris
3011 1425 3034 1458 ,
3076 1395 3190 1443 aut

942 1469 1116 1540 alius
1160 1472 1494 1569 praevertit
1531 1468 1810 1541 affeRus
1858 1469 1983 1540 seri
2043 1464 2368 1540 effluxum
2408 1468 2445 1539 ὲ
2489 1396 2656 1541 vasis
2696 1521 2720 1555 ‚
2774 1468 3191 1568 proindeque

940 1566 1243 1668 hydrops
1273 1594 1412 1638 non
1441 1569 1638 1638 facile
1667 1567 2103 1663 consequitur
2130 1574 2201 1641 &
2241 1568 2648 1662 frequenter.

592 1698 877 1756 nutamus.
899 1728 915 1753 ‚
1039 1665 1138 1738 Ex
1167 1666 1452 1741 adverso
1483 1693 1713 1738 autem
1744 1664 1916 1739 dum
1956 1669 1993 1738 ὲ.
2012 1669 2396 1760 purgatione
2434 1668 2751 1762 menstrua
2788 1690 2904 1738 aut
2931 1665 3189 1738 hoemor·

590 1757 909 1860 ζξζξζξζοξ
940 1761 1229 1837 rhoidali
1259 1771 1543 1838 6οέτείεᾶ
1569 1765 1842 1863 sanguis
1873 1768 1942 1836 in
1978 1791 2124 1837 toto
2169 1763 2509 1838 redundat
2531 1821 2554 1854 ‚
2589 1766 2698 1839 vel
2723 1766 2932 1836 etiam
2978 1769 3045 1838 in
3075 1766 3190 1839 vis-

595 1874 710 1940 dffi·
734 1887 915 1943 „puw-
944 1889 1097 1934 cera
1133 1865 1243 1938 seu
1294 1867 1553 1952 fonte8‚
1594 1864 1780 1938 unde
1825 1867 2122 1963 primum
2175 1865 2559 1937 dimanavit
2587 1918 2610 1951 ,
2656 1870 2935 1937 recurrit
2968 1865 3191 1966 sponte

593 1939 892 1992 ''mmm'’
944 1963 1063 2034 sua
1090 2017 1114 2051 ‚
1169 1991 1285 2038 aut
1307 1966 1444 2035 alia
1484 1966 1922 2059 quacumque
1951 1992 2029 2036 ex
2070 1963 2270 2035 causa
2295 2017 2317 2049 ,
2362 1965 2528 2059 quia
2568 1966 2638 2034 in
2664 1962 3004 2036 menstrua
3038 1992 3190 2066 pur-

946 2066 1233 2160 gatione
1272 2063 1577 2136 cohibita
1629 2063 1904 2161 sanguis
1934 2063 2069 2134 fere
2113 2061 2205 2133 est
2241 2063 2493 2134 crudus
2519 2062 2876 2158 multoque
2904 2063 3044 2137 sero
3082 2064 3192 2135 di-

943 2162 1124 2252 lutus
1170 2218 1193 2251 ,
1275 2161 1713 2260 similiterque
1760 2168 1835 2234 in
1875 2160 2483 2234 haemorrhoidibus
2530 2160 2871 2260 suppressis
2925 2162 3190 2261 sanguis

944 2261 1208 2334 calidus
1252 2269 1322 2336 &
1357 2263 1657 2362 plurimo
1687 2262 1828 2335 sero
1856 2258 2104 2332 affusus
2125 2315 2147 2347 ,
2189 2260 2350 2332 inde
2383 2257 2791 2360 suppressam
2838 2285 3196 2359 utramque

943 2363 1421 2432 vacuationem
1465 2361 1700 2433 crebro
1746 2362 1996 2458 excipit
2053 2359 2398 2459 hydropS,
2472 2358 2666 2454 quod
2724 2359 2942 2432 serum
2991 2364 3197 2462 pluri·

947 2483 1142 2527 mum
1166 2461 1234 2528 in
1283 2460 1363 2529 iis
1394 2457 1785 2529 redundans
1823 2465 1893 2531 δε
1931 2458 2337 2529 incalescens
2391 2456 2480 2530 ob
2525 2458 2890 2531 infarfium
2956 2463 2994 2532 ‘a
3043 2461 3197 2532 reli-

949 2580 1091 2651 quo
1116 2555 1446 2652 sanguine
1492 2556 1530 2626 s
1612 2556 1723 2627 nte
1762 2557 2146 2656 separatum
2194 2563 2263 2631 &
2300 2558 2625 2631 secretum
2665 2586 2783 2658 per
2838 2557 2905 2630 se
2953 2558 3198 2633 exudat

952 2658 1022 2726 in
1055 2656 1459 2727 inanitatem
1486 2682 1522 2725 a
1575 2653 1894 2728 dominis.
1928 2655 2239 2751 quo'sani
2261 2657 2541 2752 hydrops
2570 2707 2596 2737 ‚
2647 2660 2759 2756 qui
2769 2659 2869 2749 fit
2874 2655 3201 2753 sanguine

953 2756 1272 2842 restitante
1292 2759 1363 2824 in
1384 2756 1725 2848 vifiteribus
1744 2762 1820 2825 ob
1846 2756 2165 2849 effantem
2193 2756 2561 2827 tradionem
2586 2764 2884 2851 vasorum
2911 2788 3019 2852 per
3032 2765 3202 2829 abla-

955 2880 1093 2925 tum
1119 2859 1489 2951 indigentia?
1513 2856 1698 2950 usum
1697 2854 1999 2959 fiquitur
2003 2855 2147 2948 sere*
2172 2882 2308 2926 eam
2312 2854 2681 2951 sanguinis
2701 2862 3206 2949 plenitudinem,

953 2980 1150 3051 quam
1153 2953 1482 3048 suppreffiz
1509 2953 1703 3044 infert
1721 2957 2039 3045 menstrua
2055 2958 2368 3051 purgatio
2390 2956 2768 3026 mulieribus
2780 2956 3168 3045 familiaris
3186 3008 3208 3042 ‚

952 3075 1072 3123 aut
1114 3052 1670 3122 hemorrhoidazis
1743 3057 1997 3150 uerique
2055 3057 2377 3148 solemnis
2425 3052 2638 3146 sexui
2670 3108 2693 3142 ,
2756 3079 2873 3126 aut
2938 3080 3214 3153 utraque

954 3153 1146 3220 etiam
1189 3180 1221 3228 ,-
1278 3177 1434 3227 nam
1487 3149 1561 3223 ό·
1602 3157 1894 3225 mulieres
1940 3151 2529 3227 hoemorrlzoidalem
2562 3160 2858 3253 fluxum
2914 3162 3212 3253 quadam

946 3271 1312 3348 patiuntur.

1052 3346 1162 3430 Ac
1202 3376 1605 3447 quanquam
1638 3378 1969 3427 venarum
2016 3356 2087 3425 in
2132 3356 2432 3451 corporis
2491 3353 2730 3426 habitu
2787 3353 3028 3427 traffio
3071 3377 3217 3425 non

955 3449 1174 3522 solum
1215 3474 1492 3550 propter
1517 3449 1886 3523 deffeitum
1934 3452 2086 3527 usus
2146 3452 2540 3553 indigentiae
2568 3507 2590 3540 ‚
2637 3453 2711 3524 id
2738 3454 2833 3526 est
2862 3508 2889 3541 ,
2939 3455 3225 3553 copiam

958 3550 1238 3646 sanguis
1292 3550 1603 3647 intercipi
1664 3550 1857 3648 poffit
1887 3602 1911 3635 ,
1986 3549 2103 3621 sed
2166 3554 2373 3624 etiam
2433 3576 2708 3653 propter
2760 3551 2929 3623 alias
2978 3550 3224 3623 causas

927 3643 1311 3720 'aboleatur
1347 3701 1370 3734 ,
1422 3671 1496 3718 ut
1540 3648 1782 3718 caloris
1821 3647 2035 3721 nativi
2084 3651 2199 3720 lan
2254 3677 2492 3723 uorem
2528 3676 2754 3724 tamen
2805 3652 2967 3748 quia
3022 3651 3229 3720 calor

961 3746 1035 3814 in
1089 3746 1325 3819 habitu
1370 3772 1510 3816 non
1555 3743 1967 3843 elanguescit
2022 3744 2144 3824 nifi
2225 3749 2391 3819 rmul
2439 3776 2598 3821 cum
2628 3752 2854 3822 calore
2884 3748 3233 3823 viscerum

963 3847 1032 3914 &
1061 3848 1242 3942 prius
1272 3899 1295 3933 ,
1342 3843 1679 3941 siquidem
1705 3868 1990 3927 externae
2012 3871 2232 3946 partes
2284 3849 2324 3916 *a
2371 3850 2598 3921 calore
2626 3851 3051 3923 internarum
3098 3875 3238 3946 po-

962 3943 1092 4017 tius
1115 3944 1324 4039 quam
1359 3946 1592 4016 contra
1629 3943 1983 4033 foventur,
2025 3971 2233 4042 atque
2279 3946 2642 4046 utrobique
2692 3948 2780 4021 ab
2822 3947 3075 4019 iisdem
3125 3968 3239 4017 at·

965 4041 1201 4118 teritur
1226 4041 1475 4137 causis,
1518 4041 1962 4152 remediaque
2011 4048 2257 4132 eadem
2311 4047 2581 4146 utrique
2610 4047 2976 4131 conserunt
3005 4076 3030 4126 3
3080 4046 3240 4123 via·

3080 4169 3253 4220 lum·

610 469 751 516 larem
780 464 900 514 eirea

577 528 784 582 vitaer-3

1670 4326 1750 4367 Ν
