3593 5087
860 448 935 525 A
1056 443 1613 526 DILUVIE
1711 440 2210 534 senosA.
2305 504 2317 517 .
2528 449 2678 541 425

434 569 602 645 liam
644 567 908 647 ducunt
952 602 1107 647 meo
1144 575 1408 667 judicio
1439 573 1594 645 duae
1620 626 1646 660 ‚
1695 577 2005 668 quietum
2029 570 2283 643 scilicet
2318 567 2449 645 five
2479 568 2679 644 stata·
2717 606 2807 654 que
2828 595 3052 662 exequi·-

435 671 617 743 rium
660 677 816 744 vitae
858 698 1073 772 genus
1108 727 1130 760 ,
1176 670 1541 754 &densior
1577 674 1877 769 corporis
1924 671 2233 742 habitus:
2286 698 2446 742 nam
2478 674 2672 746 Reve·
2719 653 3054 758 ssssff‘fflb‘*

433 771 837 863 rendg‘ffimus
890 774 1144 863 Proeficl
1191 771 1493 843 astrit‘lus
1521 770 1974 866 addictusque
2004 768 2098 841 est
2140 770 2511 867 plurimum
2560 797 2686 845 vo-

435 866 582 939 lens
618 871 848 941 nolens
867 872 1022 942 vitae
1055 869 1445 941 sedentariae
1473 872 1734 940 ratione
1762 869 1890 941 suae
1919 868 2277 966 dignitatis
2317 876 2385 943 &
2436 866 2645 940 officii
2664 923 2688 955 ,

433 945 697 1066 quippe
745 970 974 1039 anima
1023 968 1253 1040 sedens
1311 968 1715 1066 sapientior,
1759 966 2091 1066 sapientia
2141 991 2367 1038 autem
2416 965 2691 1039 summa:

435 1065 620 1136 illius
648 1066 1005 1165 dignitatis
1050 1070 1334 1139 unicum
1357 1066 1452 1137 est
1479 1064 2042 1163 gubernaculum.
2082 1064 2501 1138 Denfitatem
2528 1065 2690 1141 vero

438 1161 711 1235 habitus
759 1167 1060 1262 corporis
1105 1163 1223 1236 etsi
1267 1189 1406 1235 non
1460 1166 1499 1235 a
1547 1166 1792 1235 natura
1821 1219 1846 1251 ,
1896 1190 2127 1235 tamen
2181 1164 2457 1235 ascitam
2504 1190 2695 1237 eam·

326 1344 330 1348 ‚
430 1286 569 1356 que
588 1287 728 1332 non
758 1265 1179 1334 mediocrem
1215 1265 1447 1359 arguit
1474 1263 1774 1356 facitque
1812 1262 2224 1362 potiffimltm
2257 1272 2643 1353 marmenia
2669 1317 2694 1351 ,

433 1361 580 1454 qua
609 1359 926 1431 laborat:
992 1386 1142 1431 rara
1171 1362 1356 1433 enim
1402 1362 1503 1431 illi
1536 1360 1828 1456 quidem
1876 1360 1970 1431 est
2016 1363 2056 1431 'a
2111 1360 2355 1431 natura
2397 1364 2699 1460 corporis

435 1479 708 1527 textura
750 1460 978 1530 eximii
1015 1458 1260 1530 scilicet
1290 1461 1359 1528 in
1403 1487 1484 1532 eo
1528 1461 1742 1530 nativi
1787 1460 2036 1530 caloris
2078 1483 2306 1530 comes
2334 1513 2357 1546 ‚
2412 1458 2523 1531 sed
2552 1485 2700 1530 car-

435 1555 605 1624 nosa
640 1559 850 1628 moles
880 1559 1177 1657 plurima
1211 1559 1495 1656 implens
1521 1611 1543 1645 ‚
1575 1558 2086 1654 .infarciensque
2107 1561 2403 1657 corporis
2437 1582 2635 1655 poros
2680 1613 2705 1646 ,

432 1654 961 1727 memorabilem
1018 1657 1219 1729 infert
1273 1655 1671 1729 densitatem
1706 1710 1730 1744 ‚
1790 1655 2080 1729 densitas
2114 1680 2345 1745 autem
2390 1658 2563 1727 cutis
2611 1655 2710 1728 ab

426 1753 572 1824 *hac
623 1754 826 1827 causa
876 1756 1226 1828 contrasta
1285 1755 1747 1855 suppressionis
1774 1754 2531 1850 seriredundantiaeque
2556 1759 2700 1843 ejus

435 1876 593 1923 toto
622 1877 907 1953 corpore
936 1856 1133 1925 causa
1173 1854 1266 1927 est
1293 1908 1315 1942 ‚
1358 1853 1551 1950 quod
1597 1855 1763 1924 alias
1794 1855 2039 1925 scilicet
2094 1852 2226 1924 sine
2269 1853 2452 1925 sensu
2494 1856 2701 1928 exha-

431 1950 610 2022 laret
653 1978 884 2024 autem
912 1955 1117 2024 etiam
1163 1952 1655 2051 aspeRabiliter
1703 1977 2164 2024 excerneretur
2192 1955 2307 2049 per'
2335 1977 2701 2052 concepta-

432 2050 597 2120 cula
632 2051 789 2122 huic
816 2077 897 2122 ex
923 2050 1228 2123 instituto
1266 2077 1525 2123 naturae
1558 2053 1826 2123 muneri
1862 2051 2091 2123 dicata
2121 2083 2136 2121 :
2187 2049 2356 2137 Quo
2400 2076 2536 2120 non
2571 2054 2702 2122 mi-

431 2174 594 2218 rum
632 2149 966 2220 mediocri
1005 2149 1340 2222 duntaxat
1369 2150 1492 2221 seri
1546 2149 1861 2246 quotidie
1897 2175 2056 2222 cum
2084 2147 2250 2219 cibis
2300 2149 2701 2221 extrinsecus

431 2246 511 2315 in
550 2271 792 2346 corpus
842 2247 1178 2318 illabentis
1211 2250 1527 2347 portione
1579 2275 1697 2348 per
1749 2274 1936 2319 renes
1992 2248 2305 2334 excreta,
2368 2248 2702 2342 reliquam

430 2368 596 2439 quae
632 2341 996 2417 necessario
1023 2372 1140 2446 per
1166 2346 1322 2420 vasa
1358 2372 1613 2445 magna
1645 2343 1838 2418 simul
1878 2372 2035 2418 cum
2090 2346 2419 2443 sanguine
2450 2348 2518 2416 in
2549 2372 2702 2416 cor-

427 2443 624 2542 poris
671 2442 980 2516 habitum
1012 2442 1291 2517 confluit
1320 2442 1729 2546 suppressam
1753 2499 1776 2532 ,
1821 2463 1957 2516 nec'
1978 2472 2053 2518 ut
2087 2447 2245 2518 ante
2274 2443 2701 2517 resudantem

431 2568 563 2640 per
605 2569 931 2641 porosum
996 2542 1452 2618 astristionem
1500 2548 1722 2644 magis
1779 2545 2137 2643 magisque
2164 2546 2232 2614 in
2269 2542 2414 2616 dies
2454 2547 2701 2643 aggeri

405 2643 936 2740 ‘aggestamque
977 2646 1275 2744 relegere
1304 2647 1428 2717 iter
1458 2649 1527 2719 δι
1577 2647 1646 2716 in
1696 2647 1961 2719 interna
1997 2644 2193 2733 vasa,
2226 2643 2413 2717 unde
2451 2670 2530 2715 ea
2559 2647 2701 2744 pri-'-

433 2743 636 2812 mum
670 2745 855 2815 veni‘t
886 2796 909 2829 ,
962 2740 1260 2815 refluere.

537 2837 758 2934 Atqui
786 2839 1044 2910 tametsi
1071 2840 1446 2929 πολυαρχία
1485 2839 1604 2907 illa
1645 2838 1848 2910 debet
1874 2838 2077 2909 statui
2111 2838 2310 2908 causa
2352 2834 2696 2908 densitatis

436 2962 773 3036 potorum
806 2960 959 3031 quae
987 2935 1105 3006 seri
1138 2936 1655 3029 synathrismum
1685 2937 1942 3009 invehit
1974 2990 1996 3023 ,
2038 2938 2139 3008 ire
2165 2959 2391 3006 tamen
2434 2934 2694 3007 inficias

437 3059 583 3105 non
639 3030 902 3133 poffum
959 3032 1248 3105 eandem
1311 3031 1703 3106 densitatem
1766 3034 2040 3106 causam
2092 3034 2303 3105 aliam
2346 3059 2694 3107 externam

333 3202 342 3206 ,
437 3131 746 3220 habere,
801 3132 1104 3204 ambiens
1156 3133 1480 3205 nimirum
1504 3135 1720 3230 frigus
1760 3158 2093 3233 magnam
2143 3132 2281 3205 fere
2332 3136 2494 3205 anni
2536 3160 2691 3234 par-

436 3257 583 3303 tem
613 3234 682 3302 in
718 3233 844 3304 hac
871 3233 1151 3331 regione
1179 3257 1464 3329 corpora
1493 3233 1856 3330 percellens
1894 3231 2399 3330 astringensque
2429 3263 2449 3311 ;
2495 3257 2577 3304 cu
2583 3238 2689 3322 jus
3039 3310 3043 3314 ,

438 3355 764 3435 praeterea
806 3358 943 3403 non
993 3333 1217 3402 minor
1263 3334 1363 3404 vis
1414 3331 1509 3402 est
1542 3355 1616 3402 ut
1641 3333 1915 3404 veniam
1963 3336 2053 3399 ad
2101 3328 2335 3423 causas
2370 3355 2685 3404 moventes
2782 3353 2926 3403 caur-
2963 3374 3063 3408 n·-

438 3432 860 3527 impetumque
881 3428 1036 3520 sero
1088 3433 1345 3500 uberiizs
1402 3426 1661 3501 colleHo
1713 3434 1785 3499 in
1834 3434 2151 3500 articulos
2202 3431 2376 3524 ipsos
2410 3435 2636 3502 dantes
2660 3482 2683 3518 ‚
2723 3417 2931 3518 :fi'e'f'ffif‘
2966 3418 3064 3520 {222

441 3550 707 3624 magna
741 3582 763 3616 ‚
814 3530 1098 3624 inquam
1126 3576 1152 3607 ,
1193 3530 1292 3600 vis
1325 3527 1418 3598 est
1457 3528 1728 3625 frigoris
1753 3524 2109 3601 ambientis
2143 3581 2167 3615 ‚
2226 3527 2272 3598 si
2324 3528 2684 3627 praesertim
2726 3529 2834 3575 ¹²³⁰
2862 3532 2919 3575 ⁴³⁰
2942 3531 3066 3590 ΨΟ·

438 3649 648 3726 poros
684 3642 946 3725 apertos
989 3628 1026 3696 *a
1076 3622 1432 3725 praegresso
1482 3628 1641 3701 aestu
1693 3625 2045 3700 offendens
2092 3628 2542 3725 penetraverit
2582 3632 2685 3701 al·
2723 3587 3064 3703 ἷῖιῖἕῗὲῗοῗὲἷ

389 3771 401 3781 .
432 3728 576 3798 τίἰις
596 3778 619 3811 ,
665 3728 734 3795 in
763 3724 1205 3824 exprimendo
1249 3725 1865 3828 compellendoque
1883 3726 1920 3797 ὲ
1945 3727 2244 3825 corporis
2271 3751 2541 3799 externo
2568 3728 2685 3799 ha·
2727 3704 2875 3809 {¹2:22⁸
2915 3716 3061 3757 ’μω

440 3825 594 3897 bitu
644 3824 930 3896 serosam
974 3825 1467 3922 plenitudinem
1511 3824 1643 3898 five
1701 3828 1770 3896 in
1824 3848 2045 3925 partes
2071 3821 2439 3897 abditiores
2468 3827 2692 3900 &vis-

436 3948 598 3994 cera
619 3974 639 4006 ,
693 3921 823 3997 five
853 3925 922 3993 in
940 3923 1168 3995 media
1187 3923 1342 3997 vasa
1375 3924 1774 3997 &lateralia
1794 3977 1817 4011 ‚
1848 3947 2002 4021 quae
2031 3921 2313 3993 tandem
2341 3926 2412 3994 in
2440 3928 2693 3999 articu-

436 4024 531 4092 lis
590 4016 919 4093 sistuntur.
980 4021 1325 4117 Equidem
1390 4020 1805 4117 quotidiana
1868 4020 2227 4095 confirmat
2283 4026 2694 4122 experientia
2735 4052 2739 4056 ·

423 4116 833 4196 arthriticus
857 4120 1130 4199 dolores
1158 4118 1395 4192 medio
1429 4118 1846 4220 potissimum
1875 4145 2209 4200 autumno
2237 4123 2693 4204 recrudescere
2771 4137 2775 4140 ’

2085 4218 2295 4319 Ηωι
