3593 5087
956 400 1102 497 154
1250 395 1675 477 Monet
1766 396 2299 478 cAPl‘rls
2396 391 2983 492 INTERNI.

950 554 1148 623 quum
1197 534 1686 624 quaternarium
1734 558 1859 629 quo
1916 534 2251 605 videbatur
2293 533 2710 626 aliquatenus
2740 529 2828 597 ad
2850 527 2929 618 se
2959 516 3206 628 redireg‘

948 630 1387 720 quiritabatur
1439 651 1686 715 tamen,
1729 636 2103 724 nugabatur
2134 683 2157 716 ,
2182 629 2328 717 five
2355 631 2573 701 leviter
2614 630 2965 713 delirabat,
3014 631 3205 720 vigi-23

941 729 1262 821 labatque.
1301 732 1486 820 Ergo
1528 732 1745 823 primo
1781 730 2033 821 insultu
2073 731 2292 825 nostra
2346 730 2774 820 observatione
2814 727 3197 796 'incredibile

940 820 1113 893 dit-‘iu
1144 827 1228 915 est
1256 850 1504 920 quanta
1527 829 1633 901 vis
1668 853 1851 925 aquae
1853 827 2164 920 spumosa
2179 826 2513 922 plusculos
2540 831 2675 896 dies
2694 820 3031 914 confertim
3060 821 3199 913 dif-

913 924 1217 1016 fluxerit
1259 951 1348 994 ex
1385 948 1518 996 toto
1554 954 1657 996 ore
1691 980 1713 1012 ,
1765 951 1839 997 ut
1881 932 2081 998 lintea
2127 933 2183 996 ei
2220 929 2608 1021 excipienda
2636 922 2708 996 ό·
2741 927 3044 994 ebibendae
3067 925 3197 995 vix

913 1020 1304 1117 sufficerent.
1328 1028 1619 1096 Secundo
1646 1051 1859 1096 autem
1870 1024 2272 1122 paroxysmo
2302 1028 2658 1097 declinante
2678 1020 3189 1122 affiduasaliva-

933 1143 1029 1187 tio
1061 1123 1177 1191 diu
1217 1121 1525 1220 noduque
1570 1123 1644 1196 ό·
1677 1150 1810 1196 toto
1817 1129 2184 1222 septenario
2208 1148 2347 1195 eam
2384 1129 2673 1195 exercuit
2697 1173 2725 1203 ,
2781 1122 2856 1193 ό·
2910 1147 3047 1192 tam
3086 1146 3192 1190 co-

927 1219 1117 1312 piosa
1152 1244 1222 1290 ut
1262 1224 1407 1291 ciem
1437 1252 1571 1294 meo
1579 1224 1770 1318 juffu
1804 1230 1873 1295 in
1893 1232 2242 1319 scutellam
2299 1222 2631 1318 excreaffit
2665 1246 2906 1319 aquam
2951 1244 3191 1315 puram

932 1321 1376 1416 liquidamque
1406 1373 1426 1406 ,
1487 1327 1663 1393 intra
1695 1326 1995 1394 horulam
2047 1349 2247 1392 unam
2273 1321 2448 1393 illud
2477 1321 2703 1414 vastem
2733 1325 3083 1415 impleverit
3114 1336 3191 1386 ut
3302 1403 3307 1408 ὗ

928 1441 1062 1486 non
1108 1420 1384 1488 dubitem
1403 1419 1486 1508 st
1520 1448 1788 1516 excepta
1814 1421 2037 1516 fuiffit
2078 1449 2251 1519 aqua
2260 1427 2498 1512 sedulo
2525 1474 2547 1506 ,
2593 1425 2753 1517 quin
2791 1442 3072 1516 quatuor
3098 1419 3187 1486 li-

934 1521 1088 1584 bras
1116 1525 1216 1588 vel
1263 1541 1394 1587 uno
1431 1520 1531 1588 die
1578 1548 1717 1590 eam
1767 1525 2015 1592 reddere
2055 1549 2159 1590 ore
2178 1521 2360 1613 satis
2428 1524 2758 1615 constaret.
2817 1515 2990 1605 Quo
3034 1512 3191 1586 san&

931 1614 1104 1683 mihi
1134 1613 1514 1689 verosimile
1539 1616 1632 1689 est
1652 1644 2056 1719 perpetuum
2088 1617 2469 1716 quemdam
2503 1620 2628 1693 seri
2660 1621 2732 1690 in
2776 1613 2947 1690 vafis
2989 1613 3187 1686 ebul-

929 1712 1153 1784 lientis
1204 1713 1455 1804 (febris
1509 1720 1692 1789 enim
1721 1721 1860 1806 jam
1888 1717 2043 1790 ante
2071 1744 2327 1789 annum
2350 1721 2542 1792 varia
2564 1714 2852 1790 habebat
2881 1714 3185 1816 puellam

930 1812 1358 1909 ingenuam)
1388 1811 1587 1887 fuiffe
1624 1838 1771 1889 toto
1827 1841 1910 1888 eo
1964 1842 2268 1917 tempore
2324 1817 2418 1889 ad
2487 1841 2692 1919 caput
2743 1841 3015 1914 raptum
3049 1809 3181 1885 five

930 1908 1273 1983 ascensum
1297 1966 1321 2001 ,
1366 1919 1437 1989 δ(
1476 1917 1898 2014 reciprocum
1922 1916 2226 2006 ejusdem
2252 1912 2606 1989 defluxum
2633 1915 2671 1988 ὲ
2706 1918 2930 2009 capite
2952 1916 3022 1984 in
3049 1937 3124 1983 os
3159 1941 3185 1980 τ

930 2012 1160 2078 tertius
1196 2013 1459 2109 denique
1493 2014 1935 2111 paroxysmus
1977 2018 2225 2111 pariter
2256 2016 2664 2111 salivatione
2721 2014 2832 2103 egli
2872 2039 3006 2084 non
3044 2035 3179 2084 tam

929 2110 1190 2177 liberali
1205 2110 1354 2201 suit
1372 2111 1660 2203 solutus.

1026 2205 1221 2279 OBS.
1265 2210 1511 2284 XXIX.
1557 2210 1757 2286 Idem
1808 2237 2037 2286 autem
2080 2212 2430 2287 observavi
2475 2216 2546 2286 in
2605 2211 2879 2310 quodam
2924 2210 3175 2301 Piston

926 2307 1062 2378 cive
1114 2310 1424 2380 Pontano
1470 2316 1542 2380 in
1591 2320 1815 2404 platea
1860 2316 2046 2384 urbis
2081 2313 2407 2384 habitante
2440 2364 2464 2399 ‚
2507 2339 2663 2384 nam
2713 2338 2860 2385 cum
2871 2308 3076 2400 semel
3107 2304 3183 2379 ό

927 2408 1157 2476 iterum
1203 2411 1453 2500 vigente
1478 2413 1679 2482 Iunio
1723 2410 1922 2504 mens}
1963 2412 2230 2504 ejusdem
2256 2416 2419 2484 anni
2476 2416 2654 2484 circa
2678 2415 2963 2507 primam
2990 2406 3175 2500 &si-

927 2509 1208 2584 tundam
1234 2515 1407 2578 lunoe
1422 2511 1739 2604 quadram
1759 2513 2087 2606 epileptico
2104 2508 2508 2611 paroxysmo
2525 2537 2711 2610 eoque
2730 2510 2923 2606 gravi
2938 2504 3180 2604 &ster-

927 2603 1137 2688 torqfo
1164 2657 1186 2689 ‚
1217 2631 1289 2675 ut
1328 2613 1748 2704 apoplexiam
1777 2612 2131 2683 minaretur
2159 2659 2188 2692 ‚
2215 2610 2430 2707 fuiffit
2459 2606 2922 2706 compre'lzensus
2945 2661 2968 2694 ‚
2994 2635 3063 2676 eo
3088 2610 3181 2678 li·

926 2707 1336 2794 beratussuit
1357 2710 1845 2805 persequentem
1892 2714 2057 2779 diem
2108 2718 2305 2804 larga
2322 2715 2699 2806 [putatione
2746 2733 2927 2807 aquoe
2976 2730 3181 2801 puroe.

624 2826 716 2875 n:
757 2829 868 2888 spu-
1025 2798 1275 2899 Neque
1320 2808 1503 2879 enim
1558 2808 1729 2879 mihi
1780 2807 2133 2909 probabile
2166 2809 2439 2882 videtur
2502 2812 2683 2881 circa
2733 2835 2810 2882 os
2865 2806 3185 2905 spumam

564 2888 893 3005 aiii-2⁰:²20„
929 2898 1043 2972 edi
1086 2953 1112 2988 ,
1156 2904 1350 2997 quod
1415 2908 1574 2978 cilm
1631 2930 1866 2980 omnes
1938 2907 2223 2981 musculi
2280 2909 2705 3009 respirationi
2756 2906 3183 2981 inservientes

563 3000 647 3101 {m
664 3004 890 3107 ‘’⁰¹33ss
928 3001 1224 3075 eonvulfi
1245 3007 1557 3103 pulmoni
1575 3005 1668 3077 ad
1684 3005 2162 3079 dilatationem
2181 3034 2442 3080 morem
2460 3033 2598 3081 non
2616 3005 3043 3107 gerant,hinc
3056 3007 3180 3076 a'e'r

562 3091 710 3199 tevit}
728 3133 886 3178 pron·
925 3101 997 3172 in
1021 3103 1365 3200 ergastulo
1390 3104 1681 3177 inclusus
1705 3104 2022 3195 afficitur,
2043 3108 2469 3181 &incalescit
2485 3132 2709 3203 eoque
2721 3108 2944 3180 calore
2961 3129 3187 3179 mate·

561 3181 663 3217 ⁸¹¹⁶
684 3203 702 3231 ’
819 3246 824 3253 ·
924 3202 1096 3274 riam
1120 3255 1143 3288 ,
1161 3227 1315 3298 quae
1332 3201 1512 3275 estin
1532 3203 1873 3279 bronchiis
1890 3207 2020 3279 illis
2040 3260 2064 3295 ,
2084 3209 2153 3278 in
2173 3205 2480 3306 spumam
2507 3209 2840 3305 vertitper
2860 3202 3186 3276 flatulen-

809 3316 888 3355 ‘f
923 3327 1072 3379 tum
1099 3301 1407 3401 spiritum
1435 3304 1883 3403 fuliginosum
1914 3305 2042 3379 sese
2082 3307 2152 3377 in
2187 3329 2417 3377 omnes
2440 3308 2742 3377 materiae
2778 3302 2979 3404 ipsius
3008 3328 3185 3402 par-

921 3428 1018 3477 tes
1056 3402 1403 3497 aequaliter
1439 3402 1904 3477 insinuantem.
1937 3403 2022 3478 In
2055 3407 2291 3506 primis
2336 3429 2632 3501 namque
2664 3408 2734 3477 in
2776 3403 2999 3506 prima
3050 3431 3176 3478 co-

918 3504 1203 3577 mitialis
1252 3500 1477 3573 morbi
1522 3508 1591 3576 &
1631 3504 1919 3598 quidem
1969 3502 2214 3576 summi
2254 3500 2596 3578 invasione
2630 3504 2982 3578 contrasto
3010 3505 3174 3579 tho·

917 3628 1076 3673 race
1120 3608 1236 3674 aer
1272 3602 1492 3671 omnis
1537 3603 1660 3696 qui
1707 3605 2067 3701 inspiratus
2132 3626 2278 3675 erat
2330 3605 2727 3705 exprimitur
2757 3659 2781 3693 ,
2828 3600 3170 3701 siquidem

913 3700 1475 3774 vociferationem
1517 3725 1667 3774 tum
1688 3707 1856 3801 aegri
1890 3698 2143 3773 edunt:
2201 3702 2372 3798 quia
2421 3727 2652 3777 autem
2690 3704 3009 3807 deinceps
3034 3705 3181 3776 res-

916 3800 1165 3896 piratio
1204 3799 1431 3873 ablata
1453 3798 1550 3873 est
1571 3854 1595 3889 ,
1639 3802 1819 3875 certe
1871 3804 1989 3870 a'er
2029 3800 2320 3875 inclusus
2368 3801 2439 3873 in
2492 3801 2833 3876 bronchiis
2867 3831 2887 3879 ;
2931 3805 3170 3878 nullus

913 3897 1173 4064 quffpe
1200 3952 1220 3987 ,
1247 3899 1543 3971 accusari
1576 3927 1714 3973 non
1743 3898 1959 4001 potest
1984 3922 2059 3972 ut
2082 3926 2308 3975 motor
2339 3904 2410 3975 δι
2442 3901 2645 3974 causa
2678 3901 2929 4005 spumae
2951 3903 3189 4001 long&

916 4020 1009 4093 po
1118 4003 1188 4069 &
1231 3996 1349 4068 sub
1403 3999 1607 4071 finem
1672 4000 2057 4099 paroxysmi
2102 4005 2530 4102 apparentis:
2570 4001 2824 4074 deinde
2887 4004 2961 4073 in
3010 4001 3181 4094 hys-

916 4095 1128 4170 terico
1179 4093 1428 4174 affeetu
1485 4098 1752 4203 summo
1795 4101 2227 4204 refrigeratio
2294 4102 2605 4204 eorporis
2642 4100 2745 4183 est
2794 4121 3028 4193 tanta>
3082 4121 3187 4191 ut
