3593 5087
960 395 1106 467 280
1240 389 1635 468 MORBI
1704 391 2231 471 'VENTRIS
2304 389 3003 471 INFERIORIS

951 519 1233 594 cedente
1256 523 1769 596 medicamentis
1800 577 1822 610 ,
1873 525 1942 594 in
1994 523 2290 596 ructibus
2331 578 2354 612 ,
2411 527 2480 595 in
2539 526 2805 597 vomitu
2839 526 3145 624 denique
3177 559 3212 618 ‚·

947 641 1173 692 tamen
1217 649 1356 694 non
1398 622 1536 694 sola
1572 623 1833 694 summa
1903 622 2194 693 intestini
2232 649 2383 721 pars
2410 624 2543 694 coli
2589 622 2708 696 fitu
2763 631 3031 722 proprio
3059 633 3194 702 cir-

740 809 745 812 ’
947 719 1350 819 cumscripta
1382 728 1452 794 δε
1496 721 1872 793 ventriculo
1916 724 2244 820 contigua
2281 722 2511 808 dolet,
2566 723 2677 794 sed
2731 723 2944 796 modo
2989 728 3130 798 haec
3165 782 3196 817 ,
3291 785 3296 792 .

659 851 796 916 Quod
821 863 928 896 eon.
951 816 1166 890 modo
1196 822 1317 891 illa
1355 820 1688 891 duntaxat
1716 817 2104 891 abdominis
2130 846 2281 920 pars
2301 875 2323 908 ,
2372 820 2584 912 modo
2613 829 2682 895 ὅ(
2711 847 2783 893 ut
2817 823 3194 922 plurimum

601 915 895 1017 {gffssgrgm
956 919 1339 992 universum
1406 919 1750 989 abdomen
1801 945 2137 1015 quantum
2198 947 2535 1017 quantum
2578 920 2672 992 est
2700 976 2723 1010 ,
2780 928 2850 995 δε
2919 921 3200 997 diverfis

603 1028 800 1095 euredum
829 1042 933 1114 ¹3¹⁰·
960 1019 1376 1117 temporibus
1415 1021 1552 1090 haec
1584 1018 1693 1091 vel
1738 1018 1857 1088 illa
1902 1023 2095 1116 regio
2151 1018 2384 1091 dolere
2424 1022 2721 1119 primum
2770 1022 3013 1119 incipit
3065 1021 3197 1097 five

602 1100 850 1146 memes,
952 1118 1093 1189 ima
1115 1171 1137 1204 ,
1191 1117 1588 1192 sivemedia
1618 1115 1947 1188 umbilico
1999 1143 2116 1188 aut
2148 1117 2393 1189 lumbis
2427 1119 2828 1216 respondens
2849 1173 2872 1207 ,
2920 1119 3053 1193 sive
3073 1122 3198 1193 de-

944 1219 1155 1313 nique
1179 1219 1493 1291 lateralis.
1537 1217 1684 1288 Nec
1714 1216 1897 1290 ⁵veri)
1946 1242 2175 1288 venter
2220 1216 2515 1291 distendi
2566 1219 2911 1291 universus
2961 1223 3196 1293 attoli·-

944 1343 1080 1412 que
1109 1325 1178 1392 &
1210 1318 1645 1389 intumescere
1672 1341 1749 1386 ac
1779 1340 2003 1387 extare
2030 1313 2221 1415 super
2246 1316 2462 1388 costas
2483 1371 2505 1404 ,
2564 1319 2702 1388 alia
2764 1324 2835 1393 &
2888 1318 3136 1418 pubem
3161 1373 3187 1407 ,

940 1415 1060 1487 sed
1098 1442 1346 1488 contra
1384 1416 1608 1515 potius
1649 1416 2016 1512 percipitur
2051 1411 2389 1513 deprimi,
2419 1413 2751 1489 subfidere
2786 1421 2856 1489 in
2893 1419 2996 1503 se,
3027 1419 3190 1489 una-

941 1541 1077 1609 que
1096 1533 1267 1587 ›cum
1292 1513 1619 1587 umbilico
1646 1513 2012 1583 introrsum
2035 1514 2534 1612 retrorsumque
2562 1518 2793 1589 revelli
2818 1570 2841 1604 ,
2891 1519 3002 1589 vel
3040 1544 3190 1589 um-

940 1613 1180 1687 bilicus
1208 1611 1451 1685 lumbis
1487 1612 1799 1684 videatur
1835 1607 1964 1683 effe
1996 1610 2186 1707 quasi
2222 1610 2476 1688 assutus
2500 1670 2525 1702 ‚
2577 1640 2653 1686 ut
2679 1618 2748 1686 in
2776 1641 2961 1714 aegro
2982 1617 3187 1689 veluti

942 1711 1360 1785 exterebrato
1397 1710 1784 1783 efformetur
1804 1709 2079 1809 infignis
2106 1715 2360 1785 cavitas
2388 1715 2573 1787 haud
2599 1713 2916 1792 absimilis
2936 1716 3188 1812 equino

942 1810 1262 1911 praesepio
1291 1864 1314 1898 ,
1361 1836 1577 1906 eaque
1620 1811 2124 1909 circumscripta
2151 1815 2452 1884 terminis
2482 1812 2840 1912 praedid‘tis.

1047 1911 1368 2005 Denique
1411 1910 1612 1982 dolor
1643 1934 1780 1979 non
1811 1934 1952 1979 tam
1989 1907 2380 1984 distenfivus
2424 1910 2792 1984 secundum
2842 1908 3191 2013 epigastrii

944 2009 1382 2086 latitudinem
1407 2063 1430 2094 ,
1494 2009 1705 2106 qu'am
1764 2008 2162 2083 lacerativus
2227 2007 2603 2099 secundum
2656 2013 2880 2111 potius
2943 2014 3191 2086 ventris

947 2109 1461 2207 longitudinem
1499 2134 1578 2178 ac
1617 2106 2156 2205 profunditatem
2204 2160 2226 2193 ,
2297 2110 2813 2205 &quandoque
2846 2111 3190 2211 perforans

944 2208 1221 2282 sentitur
1262 2234 1342 2279 ac
1386 2206 1432 2278 fi
1480 2206 1739 2278 terebra
1787 2209 2303 2304 pertunderetur
2339 2234 2492 2306 pars
2544 2210 2819 2297 dolenS,
2873 2234 3025 2304 quae
3069 2234 3190 2307 po·

946 2307 1266 2379 tissimum
1303 2305 1398 2377 est
1438 2304 1800 2378 umbilicus
1859 2305 1980 2377 etfi
2029 2307 2101 2379 in
2147 2304 2563 2402 quibusdam
2627 2307 2979 2381 doloribus
3019 2310 3192 2379 citra

942 2404 1201 2479 febrem
1248 2406 1419 2477 latus
1493 2403 1939 2504 perterebrari
2008 2406 2345 2478 sentiatur.
2413 2407 2915 2479 Distentionem
2983 2404 3192 2505 porro

943 2499 1319 2578 secundum
1362 2503 1873 2602 longitudinem
1897 2508 2118 2604 potius
2159 2503 2640 2578 intestinorum·
2662 2504 2807 2576 fieri
2846 2506 3060 2601 quam
3089 2507 3193 2577 la-

941 2601 1311 2675 titudinem
1337 2655 1360 2689 ,
1402 2627 1478 2673 ut
1530 2603 1604 2675 fit
1628 2606 1698 2674 in
1729 2603 1970 2675 dolore
2009 2608 2227 2677 colico
2262 2604 2301 2674 *a
2354 2601 2515 2675 flatu
2553 2659 2576 2693 ,
2622 2605 2777 2676 hinc
2805 2605 3199 2703 intelligere

948 2699 1044 2771 est
1078 2703 1269 2797 quod
1295 2704 1646 2799 longanon
1679 2701 2050 2774 secundum
2110 2703 2615 2800 longitudinem
2654 2706 2749 2775 ita
2775 2701 3036 2776 sursum
3082 2730 3196 2775 re-

947 2801 1220 2875 vellitur
1276 2808 1347 2877 &
1400 2799 1807 2874 distenditur
1841 2852 1866 2888 ,
1919 2826 1996 2880 ut
2023 2829 2160 2875 non
2195 2802 2410 2875 solum
2437 2805 2616 2876 exitu
2652 2804 2823 2875 feces
2873 2803 3196 2875 interclu-

948 2899 1075 2972 dat
1109 2907 1180 2976 &
1204 2897 1396 2975 flatus
1422 2955 1445 2989 ,
1483 2900 1596 2974 sed
1614 2899 1810 2971 aditu
1835 2902 2174 2997 grandem
2197 2903 2307 2973 vel
2334 2898 2684 3000 siphonem
2713 2901 3010 2996 clysteris
3037 2928 3197 3002 pro-

618 3022 925 3095 (Quiaeryt-
952 2998 1226 3090 hibeat,
1267 3026 1339 3074 ut
1383 2998 1501 3073 nisi
1535 3000 1792 3099 magna
1820 3004 1890 3073 vi
1913 3002 2092 3073 intus
2117 3001 2315 3099 adigi
2361 2999 2620 3099 possint.
2673 3004 2986 3075 Ridicule*
3025 3004 3197 3072 enim

595 3091 926 3197 {jffifffissf‘
958 3128 1153 3195 operoe
1173 3100 1805 3195 pharmacopaeorum
1822 3152 1845 3186 ,
1896 3101 2051 3172 dum
2072 3098 2334 3195 srustni
2362 3102 2693 3171 immittere
2715 3124 2962 3172 tentant
2985 3104 3209 3197 clyste-

597 3202 924 3319 „gruffu-
952 3228 1082 3271 rem
1101 3252 1122 3284 ,
1167 3198 1858 3292 caufiznmrmagnam
1900 3202 2034 3272 vim
2059 3205 2367 3297 flatuum
2384 3197 2741 3293 syphonem
2782 3197 3052 3292 ingreffi'z
3089 3203 3201 3269 in·

595 3278 647 3323 μ
682 3277 745 3308 ¹⁸⁸
766 3293 779 3307 ⁹
947 3300 1381 3371 terdicentium
1416 3351 1439 3385 ,
1493 3296 1567 3370 ό·
1609 3302 1827 3392 magis·
1869 3300 2142 3370 ridiculi
2180 3299 2432 3371 Medici
2458 3301 2573 3392 qui
2594 3301 2684 3369 iis
2707 3300 2960 3367 credunt
2979 3343 3007 3376 ,
3043 3298 3201 3366 ciam

944 3429 1056 3497 per
1097 3396 1510 3484 revuffionem
1546 3401 1772 3491 potius
1792 3396 2060 3489 surfimz
2095 3396 2387 3485 subsidat
2436 3400 2889 3492 conniveatque
2939 3399 3200 3473 cavitas

953 3499 1351 3594 longanonis
1381 3543 1409 3576 ,
1467 3522 1597 3564 non
1640 3524 1753 3588 per
1774 3497 2213 3588 distentionem
2239 3498 2598 3592 dflatibus.

631 3638 752 3684 fu„
785 3634 925 3681 nau.
1051 3598 1436 3671 Confirmat
1478 3593 1554 3663 id
1617 3617 1842 3662 autem
1910 3592 2141 3663 rufius
2201 3593 2549 3664 familiaris
2600 3591 2774 3669 hisce
2837 3590 3202 3666 doloribus

586 3691 653 3740 ²²⁵¹
673 3692 927 3741 “²³¹¹“3'·
960 3700 1081 3795 qui
1111 3699 1266 3769 satis
1312 3693 1515 3764 docet
1558 3714 1825 3763 motum
1853 3688 2343 3786 peristalticum
2363 3689 2830 3765 intestinorum
2848 3744 2872 3779 ,
2898 3696 2970 3764 δι
2993 3686 3195 3761 flatus

954 3797 1470 3868 inclinationem
1523 3787 1920 3863 sursum'ob
1960 3789 2395 3859 interclusam
2439 3792 2701 3888 penitus
2765 3792 2952 3864 viam
2994 3788 3210 3862 deors.

953 3897 1102 3967 sum
1146 3893 1571 3966 tendentem:
1628 3886 1828 3961 facile
1863 3889 2045 3959 enim
2097 3886 2193 3960 est
2245 3888 2622 3988 intelligere
2662 3890 3054 3986 longanone
3088 3885 3194 3955 se-

951 3991 1256 4065 cundum
1298 3987 1806 4087 longitudinem
1835 3985 2127 4059 distento
2170 3984 2563 4085 sursumque
2618 3988 2879 4061 revulso
2909 3986 3202 4086 parietes

936 4096 1092 4194 ejus
1120 4092 1193 4174 in
1221 4089 1287 4176 se
1316 4085 1660 4175 confidere
1685 4139 1712 4182 ,
1756 4110 1960 4189 atque
1987 4086 2165 4165 adeo
2191 4090 2556 4172 cavitatem
2580 4088 2922 4165 internam
2947 4081 3194 4168 conni-

3017 4194 3204 4258 πῖθι
