3593 5087
982 415 1130 494 294
1232 392 1619 469 MORBI
1706 391 2240 472 VENTRIS
2314 396 3025 480 INFERIORIS

603 541 915 588 confirmatur.
945 519 1072 610 seu
1103 523 1460 620 conspedus
1487 524 2032 619 colluvieifirosie
2052 529 2123 596 in
2150 522 2282 619 ipso
2305 525 2543 618 postico
2575 528 3172 622 capitestagnamis
3189 588 3217 624 ,

962 650 1155 718 quam
1180 629 1292 695 diu
1313 630 1659 719 expetitam
1690 629 1731 695 a
1765 654 1857 696 me
1873 655 1985 718 per
2005 634 2228 718 plures
2259 649 2471 692 annos
2505 629 2757 694 obtinui
2809 633 3014 698 Anno
3044 659 3209 725 proe-

955 726 1136 797 terito
1194 749 1298 816 17.
1315 734 1526 819 supra
1567 731 1771 795 1600.
1805 753 1893 793 ex
1915 724 2261 819 difficlione
2296 725 2635 796 cadaveris
2664 725 2823 794 milti
2860 734 3005 797 ante?
3032 737 3211 802 dene·

954 833 1121 916 gata
1141 873 1165 901 ‚
1215 831 1373 895 certe·
1400 852 1532 894 non
1552 827 1742 917 prius
1771 831 1991 895 oblata
2021 878 2044 912 ,
2092 847 2495 921 quanquam
2527 847 2666 894 non
2701 828 2905 923 pauci
2960 830 3000 899 ἐι
3039 857 3211 926 qua-

953 945 1106 994 tuor
1161 926 1354 994 annis
1405 925 1443 994 ὲι
1470 924 1798 997 violentia
1823 923 2369 1021 gravissimorum
2401 922 2935 1019 symptomatum
2962 930 3211 1027 cepha-

922 1021 1246 1102 flicorum
1324 1021 1675 1095 doloribus
1756 1021 2161 1097 convulfivis
2244 1017 2632 1092 abdominis
2699 1022 3206 1108 succedentium

950 1125 1207 1192 mortui
1247 1118 1451 1195 essent
1485 1176 1506 1209 ‚
1553 1129 1624 1196 &
1667 1123 2006 1221 praecipuo
2037 1122 2241 1194 senes·

1052 1219 1247 1293 OBS.
1291 1220 1547 1294 XCIII.
1574 1227 1759 1314 Ergo
1793 1230 1939 1292 cum
1987 1225 2164 1292 circa
2202 1219 2558 1315 deliquium
2603 1219 2814 1300 Lunoe
2861 1224 3204 1299 incidentis

593 1317 665 1364 θ’
687 1314 801 1373 “³¹¹³
822 1315 914 1373 ⁹¹¹¹·
951 1322 1020 1387 in
1068 1325 1487 1393 Februarium
1519 1323 1839 1411 Honestus
1862 1323 2020 1394 civit
2056 1324 2382 1392 Claudius
2409 1321 2678 1391 Iuvenis
2706 1373 2730 1408 ,
2765 1323 3032 1411 stacius
3061 1351 3202 1399 tan-

584 1375 713 1476 123²?
728 1377 913 1479 3133·
947 1423 1084 1492 dem
1109 1426 1350 1514 partim
1376 1425 1712 1492 acerbitate
1740 1423 2031 1491 dolorum
2058 1421 2424 1515 abdogtzinis
2467 1424 2617 1514 ague'
2657 1421 2699 1490 a
2727 1427 2913 1492 nobis
2939 1425 3202 1521 descrip-

589 1491 826 1606 322³&oe
944 1542 1156 1590 torum
1178 1573 1197 1605 ‚
1242 1524 1685 1618 quadraginta
1714 1522 1849 1590 dies
1879 1542 2049 1589 totos
2090 1522 2321 1589 acriter
2357 1520 2767 1611 urgentium,
2816 1548 2931 1591 nec
2988 1533 3197 1596 ullam

943 1625 1209 1716 quietem
1256 1619 1728 1689 concedentium
1761 1671 1784 1705 ,
1833 1622 2078 1712 partim
2117 1619 2503 1691 vehementia
2551 1643 2838 1690 motuum
2881 1625 3197 1713 convulsi-

941 1747 1167 1793 vorum
1199 1722 1313 1815 qui
1342 1721 1428 1788 iis
1476 1719 2031 1813 languescentibus
2046 1715 2383 1812 succffre
2413 1768 2436 1802 ,
2485 1741 2559 1788 ut
2596 1723 2744 1789 ante'
2777 1726 3192 1804 monuimus,

932 1821 1075 1912 post
1104 1817 1439 1915 paralystn
1465 1871 1486 1903 ,
1545 1822 1723 1912 piam
1758 1821 2048 1888 animam
2087 1825 2240 1888 caelo
2284 1817 2638 1911 reddidiffit
2667 1830 2693 1896 ‚⁹
2745 1821 3085 1914 impetravi
3114 1830 3192 1894 ab

937 1945 1148 1991 uxore
1186 1942 1256 1990 ut
1281 1921 1620 1990 cadaveris
1647 1921 1835 1989 nobis
1858 1920 2113 2012 copiam
2118 1916 2364 2008 faceret
2390 1968 2411 2001 ,
2443 1944 2567 2011 quo
2595 1970 2618 2004 ,
2640 1925 3049 2014 praesentibus
3068 1950 3191 1993 me-

939 2019 1109 2088 dicis
1140 2017 1563 2113 studiosisque
1609 2014 1697 2088 6·
1725 2021 1973 2090 civibus
2010 2041 2142 2087 non
2186 2018 2424 2111 paucis
2463 2015 2706 2110 diffido
2730 2068 2753 2102 ,
2795 2020 3190 2114 deprehendi-

941 2143 1085 2187 mus
1143 2119 1440 2211 intestina
1462 2170 1483 2203 ‚
1538 2143 1913 2214 quanquam
1956 2118 2250 2189 cruciatu
2306 2141 2419 2209 per
2466 2137 2559 2185 tot
2616 2118 2752 2186 dies
2805 2120 3185 2211 acerbifflmo

924 2215 1190 2311 fuiffint
1231 2214 1479 2315 afflibla
1503 2268 1524 2300 ,
1568 2241 1754 2314 atque
1796 2217 2249 2287 immedicabili
2272 2216 2417 2305 ferd
2447 2214 2728 2309 segnitie
2762 2221 3139 2314 laboraffint
3162 2273 3185 2309 ,

936 2339 1150 2386 tamen
1180 2322 1431 2409 integra
1451 2312 1525 2387 (θ’
1558 2321 1896 2411 inculpata
1904 2313 2104 2410 futffe
2130 2367 2151 2399 ,
2188 2321 2566 2412 nullamque
2599 2315 2858 2406 causam
2876 2341 2970 2387 tot
3009 2324 3187 2390 dolo-

934 2442 1079 2486 rum
1091 2418 1394 2506 fomitem
1421 2419 1491 2485 in
1524 2417 1612 2488 iis
1640 2439 1962 2510 repertam.
2015 2415 2136 2485 Sed
2172 2418 2283 2485 ubi
2313 2413 2400 2482 ad
2434 2438 2632 2508 caput
2671 2439 2926 2487 ventum
2955 2470 2977 2504 ‚
3044 2422 3184 2490 cum
3235 2475 3238 2478 .

923 2517 1210 2606 primum
1218 2512 1411 2606 serra
1445 2516 1761 2610 posticum
1804 2515 2104 2586 cranium
2129 2515 2517 2588 divideretur
2543 2566 2565 2599 ,
2615 2535 2749 2584 tum
2792 2542 2967 2611 aqua
3014 2546 3186 2611 pura

932 2614 1312 2711 liquidaque
1310 2613 1543 2710 sponte*
1562 2612 1852 2711 diffluere
1880 2616 2064 2709 caepit
2085 2640 2216 2683 non
2237 2640 2458 2707 pauca
2480 2644 2511 2691 ,·
2562 2614 2786 2707 avulso
2809 2638 3021 2686 autem
3042 2645 3184 2689 cra-

928 2716 1042 2783 nio
1072 2718 1344 2785 meninx
1378 2716 1632 2808 occipiti
1659 2710 1733 2784 ό·
1772 2718 2068 2783 cerebello
2097 2711 2422 2807 interjecla
2475 2736 2624 2789 totar
2652 2713 2915 2783 madida
2938 2768 2958 2800 ‚
3006 2716 3179 2787 deco-

927 2818 1149 2910 lorque
1174 2817 1478 2910 apparuit
1500 2813 1588 2884 ad
1620 2814 1824 2904 instar
1834 2817 2077 2910 papyri
2107 2830 2221 2882 aut
2249 2820 2384 2883 teloe
2409 2815 2477 2882 in
2505 2820 2680 2909 aqud
2711 2816 2826 2885 diu
2853 2815 3171 2908 demersoez

929 2908 1003 2982 ό·
1066 2918 1213 2986 vero'
1275 2936 1481 2985 totum
1537 2915 1940 3009 principium
1981 2912 2265 3006 spinalis
2332 2914 2625 2987 medullae
2685 2917 2986 3011 nervique
3031 2917 3176 2985 hinc

925 3011 1078 3085 inde
1112 3015 1184 3081 in
1234 3017 1550 3086 vertebras
1584 3014 1936 3107 propagati
1979 3016 2049 3082 in
2076 3018 2250 3107 aqua
2273 3015 2568 3104 plurima
2595 3014 2892 3093 innatare
2921 3066 2943 3099 ,
2995 3015 3175 3106 vafiz-

924 3137 1044 3205 que
1079 3111 1221 3205 ipla
1245 3139 1359 3204 per
1398 3117 1804 3189 membranas
1856 3110 2131 3205 dispersa
2175 3134 2467 3180 concreto
2487 3109 2814 3205 sanguine
2846 3115 3127 3203 livescere
3149 3166 3174 3202 ‚

921 3217 1260 3303 congelato
1309 3213 1539 3306 quippe'
1592 3213 1634 3282 a'
1652 3213 1913 3307 frigore
1959 3234 2139 3307 aquoe
2187 3212 2666 3304 circumstantis
2701 3258 2731 3292 ,
2796 3237 3107 3305 comperta
3147 3242 3168 3282 ε

920 3333 1138 3404 aperto
1164 3309 1408 3379 demum
1434 3317 1727 3384 cerebello
1745 3339 1874 3388 non
1886 3306 2114 3403 solum
2129 3312 2528 3384 ventriculus
2552 3334 2820 3405 quartus
2839 3307 3168 3406 αφά-[ξα-

919 3432 1061 3485 tens
1086 3462 1109 3496 ,
1134 3405 1256 3500 fid
1290 3405 1365 3480 ό·
1377 3412 1744 3503 substantia
1778 3416 1917 3506 ipsa
1967 3414 2181 3480 eadem
2232 3410 2583 3503 praegnans
2628 3432 2881 3507 totaque
2928 3414 3170 3491 imbuta

919 3509 1277 3604 conspec‘ia:
1325 3515 1634 3580 cerebrum
1664 3534 1876 3581 autem
1900 3511 2217 3603 reliquum
2216 3507 2470 3596 stccum
2516 3510 2782 3600 prorsus
2819 3508 2894 3581 ό·
2935 3513 3170 3585 cando-

915 3611 1014 3681 ris
1039 3612 1252 3687 nativi
1281 3630 1607 3703 ceteraque
1628 3609 2102 3701 constitutionis
2130 3612 2408 3688 retinens
2450 3630 2778 3701 repertum.
2813 3605 2992 3696 Quae
3018 3607 3169 3687 san&

917 3704 1295 3791 observatio
1338 3705 1624 3794 mirifice
1702 3701 2106 3803 comprobat
2151 3704 2452 3789 nostram
2499 3705 2899 3778 sententiam
2952 3732 3169 3803 quan-

889 3827 1131 3969 quam
1163 3807 1587 3904 paradoxam
1614 3802 1743 3877 five
1787 3803 1877 3875 de
1915 3799 2153 3875 effectu
2193 3803 2286 3875 ad
2326 3830 2535 3902 quem
2562 3805 2859 3903 sequitu?
2887 3806 3171 3879 convul-

946 3924 1012 3969 ιο
1054 3905 1526 3979 intestinorum
1559 3930 1703 3977 tam
1729 3903 1930 3975 tristis
1960 3908 2030 3978 &
2057 3901 2420 3985 dolorifica
2444 3956 2468 3991 ,
2497 3900 2628 3978 five
2655 3904 2744 3976 de
2767 3904 2970 3976 causa
3001 3928 3171 3974 con-

916 4000 1171 4175 ξῧιὲεὶητε
1219 4031 1540 4087 motuum
1581 4004 2106 4109 epilepticorum
2135 4058 2160 4097 ,
2211 4002 2300 4081 de
2361 4001 2611 4109 quibus
2669 4003 2827 4089 ante
2888 4006 2932 4079 *a
2973 3999 3170 4079 nobis

950 4172 957 4177 „
1068 4123 1204 4182 um,
1445 4119 1454 4127 ·
