3593 5087
957 435 1107 520 332
1211 407 1599 496 MoRss'I
1677 413 2210 495 VENTRIS
2286 414 3010 495 INFER10R15

950 565 1299 618 ternorum
1324 546 1913 634 calefaciendum,
1955 543 2290 644 fiquidem
2331 548 2556 648 potitis
2583 572 2700 645 per
2736 571 3026 619 extrema
3061 544 3198 618 ori-

950 641 1108 715 ficia
1156 646 1367 740 quarn
1391 671 1507 745 pet
1542 670 1745 745 poros
1770 643 1988 718 medii
2019 648 2323 746 corporis
2379 644 2630 718 exudat
2654 646 2899 718 humor
2925 672 3048 719 ceu
3081 673 3196 721 va-

953 767 1080 842 por
1109 769 1385 839 aqueus,

626 879 712 925 rer
733 876 908 923 ..n-sto-
1050 846 1180 915 Per
1216 841 1640 937 anastomost'n
1666 867 1882 917 autem
1906 847 2197 916 omnium
2223 848 2526 937 rafinum
2552 842 3008 941 cujuscumque
3030 870 3200 938 gene-

601 934 757 1053 ffffig
771 937 916 1039 ¹:²⁸&
948 943 1045 1011 ris
1067 995 1091 1029 ,
1151 938 1227 1012 ό·
1248 943 1593 1038 praefirtim
1642 948 2032 1015 arteriarum
2062 960 2117 1037 Γ
2139 944 2260 1016 seri
2303 947 2489 1017 enim
2517 945 2716 1044 copia
2746 948 2819 1014 in
2852 947 2939 1015 iis
2999 942 3200 1041 longe

953 1045 1170 1130 mejor
1198 1039 1439 1115 residet
1456 1044 1504 1134 )
1517 1043 1809 1135 serofitm
1828 1044 2167 1116 humorum
2185 1048 2255 1113 in
2278 1047 2702 1138 capacitatem
2717 1047 3084 1115 abdominis
3111 1070 3205 1114 ve·

951 1143 1091 1210 nire
1146 1140 1312 1235 poffi
1344 1144 1514 1212 ratio
1538 1142 1718 1233 satis
1759 1146 2014 1215 evidens
2046 1146 2127 1239 est
2152 1140 2226 1213 ό·
2270 1170 2644 1240 quanquam
2685 1140 3041 1237 diapedefin
3081 1166 3203 1211 non

950 1241 1375 1311 admittamus
1406 1289 1435 1322 ,
1463 1263 1673 1310 tamen
1698 1271 1813 1336 per
1838 1242 2260 1337 anastomostn
2287 1270 2358 1311 ea
2381 1246 2562 1336 copia
2584 1266 2719 1337 quoe
2752 1244 3084 1312 abdomini
3109 1262 3205 1310 at-

949 1344 1240 1409 tollendo
1287 1369 1413 1433 par
1434 1339 1516 1425 fi
1544 1343 1773 1435 deponi
1800 1341 1976 1411 haud
2009 1346 2273 1412 dubium
2316 1344 2420 1435 effe
2446 1342 2642 1434 potest
2659 1389 2686 1420 ,
2713 1345 2858 1411 ciem
2877 1342 3203 1411 innumera

952 1436 1115 1528 vasa
1155 1438 1437 1527 desinant
1466 1436 1538 1507 (5·
1585 1443 2000 1511 terminentur
2030 1444 2100 1510 in
2139 1444 2522 1512 membranis
2547 1438 2795 1532 meserei
2820 1493 2842 1528 ,
2899 1442 3144 1534 epiplot'.
3177 1486 3202 1519 ,

955 1533 1031 1607 ό·
1066 1540 1539 1630 glandularum
1583 1567 1694 1633 per
1750 1568 1862 1610 eas
1921 1538 2369 1633 dispersarum.
2400 1566 2426 1595 ⁸
2459 1543 2889 1633 Hippocrates
2936 1539 3089 1609 sane
3136 1539 3203 1607 iu

955 1634 1382 1734 Aphorismis
1407 1634 1744 1709 insinuare
1771 1663 1909 1708 non
1939 1638 2217 1711 obscure
2249 1638 2520 1712 videtur
2546 1666 2625 1710 ex
2654 1641 2898 1738 hepate
2956 1663 3202 1733 aquam

956 1731 1141 1834 poffe
1181 1736 1535 1808 decurrere
1586 1735 1958 1808 secundum
1988 1736 2412 1810 membranas
2439 1740 2509 1808 in
2534 1762 2890 1809 omentum
2915 1792 2935 1824 ,
2973 1740 3041 1808 in
3068 1761 3203 1832 quo

959 1859 1157 1932 porta
1189 1834 1331 1935 ipsa
1375 1836 1693 1934 recipitur
1722 1889 1746 1923 ‚
1781 1842 1851 1910 ὅ(
1881 1836 2042 1908 inde
2072 1840 2141 1908 in
2170 1839 2423 1911 ventris
2450 1839 2900 1936 capacitatem
2926 1889 2949 1922 ,
3001 1837 3202 1935 ruptis

958 1933 1209 2005 scilicet
1242 1936 1383 2025 (ut
1416 1936 1654 2007 volunt
1704 1937 2169 2035 interpretes)
2214 1933 2514 2010 veficulis
2572 1938 2756 2032 aqua
2798 1935 3202 2036 praegnanti-

952 2031 1088 2104 -bus
1127 2087 1148 2119 ‚
1201 2058 1353 2129 quae
1400 2033 1826 2130 quandoque
1849 2038 1920 2104 in
1949 2037 2190 2134 hepate
2216 2037 2663 2134 reperiuntur.
3133 2095 3138 2096 ff

656 2146 931 2205 thuidem
1063 2131 1214 2205 Sive
1241 2136 1454 2234 igitur
1497 2160 1614 2233 per
1650 2132 2043 2233 diapedesm
2073 2189 2095 2221 ,
2157 2132 2287 2206 sive
2337 2161 2454 2233 per
2509 2131 2963 2204 anastomofin
2995 2133 3202 2204 serum

604 2202 893 2261 frequentia·
970 2235 981 2247 .
1112 2231 1156 2304 b
1909 2238 1920 2258 ,
2187 2233 2192 2240 »
2553 2240 2561 2258 ,
2655 2237 2666 2247 .
2807 2238 2818 2248 .
3192 2235 3204 2256 .

608 2262 739 2306 voitu
792 2278 930 2321 nque
964 2260 1034 2304 in
1071 2259 1109 2304 a
1162 2232 1411 2305 domen
1439 2257 1667 2306 veniat
1692 2286 1714 2320 ,
1762 2257 1921 2303 certe
1971 2231 2169 2328 pulsu
2197 2257 2313 2304 aut
2332 2233 2563 2326 sponte
2599 2233 2848 2332 diffluit
2875 2283 2903 2313 ,
2941 2233 3013 2304 ό·
3032 2231 3203 2322 sorte

616 2318 856 2376 '‘sfflm’
940 2333 1351 2429 frequentius
1374 2332 1569 2425 pulsit
1599 2385 1619 2416 ,
1657 2335 1817 2427 quia
1844 2334 1988 2422 ferei
2034 2331 2310 2423 desitbito'
2359 2332 2431 2403 ό·
2481 2334 2819 2424 confertim
2849 2333 3206 2424 univerfitm

955 2436 1261 2502 abdomen
1271 2432 1442 2519 solet
1471 2433 1871 2521 intumescere
1896 2461 1925 2508 ,·
1977 2433 2100 2525 qui
2127 2457 2353 2502 tumor
2388 2430 2643 2502 subitus
2687 2444 2977 2529 arg'uere
3019 2429 3203 2502 vide-

959 2554 1069 2601 tur
1112 2535 1379 2599 motum
1434 2553 1692 2598 naturae
1740 2527 1852 2597 seu
1896 2529 2164 2627 pulsum
2234 2536 2305 2603 &
2348 2533 2770 2630 apertionem
2823 2529 3202 2602 osculorum

958 2625 1273 2702 vasorum
1298 2626 1511 2721 quam
1553 2625 1992 2726 spontaneam
2019 2628 2143 2699 seri
2171 2628 2658 2702 exudationem
2684 2684 2708 2718 ‚
2746 2652 2864 2701 aut
2907 2633 3202 2705 exitum;

954 2732 1034 2800 ’ἃ
1076 2725 1517 2797 confirmatur
1545 2728 1711 2821 quia
1753 2750 1948 2798 motu
1990 2726 2102 2799 seu
2134 2730 2327 2828 pulsu
2379 2736 2450 2802 &
2488 2728 2972 2830 compreffione
3022 2728 3203 2802 vaso-

958 2852 1115 2898 rum
1153 2824 1320 2924 saepe
1363 2826 1693 2898 diarrbeae
1735 2826 2005 2920 aquosae
2060 2829 2470 2927 contingunt
2499 2878 2526 2909 ,
2584 2856 2703 2928 per
2753 2853 2928 2925 quas
2994 2830 3205 2929 plures

959 2950 1158 3023 aquae
1203 2925 1392 2998 librae
1418 2926 1524 2998 vel
1553 2949 1692 2995 uno
1730 2923 1847 2996 die
1879 2952 2064 2998 extra
2106 2952 2347 3027 corpus
2399 2928 2831 3017 dejiciuntur.

1055 3022 1276 3119 Atqui
1302 3048 1743 3119 quocumque
1795 3025 2012 3096 modo
2060 3024 2279 3097 serum
2325 3027 2563 3098 exiliat
2611 3030 2789 3098 intra
2819 3023 3160 3097 abdomen
3187 3077 3210 3113 ‚

956 3125 1226 3219 copiam
1259 3127 1401 3211 ejus
1444 3122 1552 3194 seu
1588 3124 2087 3223 plenitudinem
2138 3122 2437 3198 defluvio
2464 3124 2884 3198 occasionem
2913 3126 3079 3197 dare
3100 3150 3208 3194 ne-

954 3219 1123 3295 ceffe
1148 3219 1260 3292 est.
1305 3219 1493 3294 Nam
1535 3226 1699 3320 quia
1750 3223 1970 3297 serum
2018 3225 2235 3297 ascitis
2279 3227 2562 3295 materia
2592 3227 2729 3297 leni
2772 3231 2841 3299 ὅ(
2878 3225 3058 3296 suavi
3109 3222 3207 3294 est

955 3323 996 3394 ὲ
1026 3319 1266 3395 natura
1305 3320 1628 3396 affestum
1666 3325 2001 3420 qualitate
2032 3378 2056 3412 ,
2109 3330 2177 3397 &
2222 3349 2362 3395 non
2411 3321 2533 3395 nifi
2580 3326 2799 3425 pauca
2828 3321 3208 3395 admodum

936 3422 1293 3526 aspersum
1325 3419 1464 3491 bile
1495 3472 1519 3506 ‚
1570 3448 1647 3493 ut
1684 3425 1843 3495 satis
1878 3425 2068 3495 color
2111 3427 2254 3512 ejus
2282 3447 2477 3520 aquae
2520 3449 2704 3523 purte
2733 3448 2912 3523 putae
2939 3448 3211 3523 germa-

934 3548 1077 3597 -nus
1124 3522 1387 3595 indicat
1411 3574 1435 3608 ‚
1477 3519 1656 3592 certe
1700 3522 1793 3593 ad
1839 3520 2253 3595 irritandum
2279 3524 2610 3618 qualitate
2639 3523 2925 3605 minime
2972 3548 3208 3622 aptum

602 3630 747 3687 009³!
786 3644 920 3677 ⁰⁸⁰¹·
955 3623 1090 3710 est,
1134 3651 1213 3695 ex
1265 3645 1407 3716 quo
1454 3618 1696 3705 restat,
1725 3643 1798 3690 ut
1817 3622 2039 3713 potius
2065 3626 2423 3716 quantitate
2454 3645 2764 3695 naturam
2808 3645 3035 3716 gravet
3060 3675 3084 3710 ‚
3136 3617 3213 3691 ό·

604 3703 700 3791 {22⁹
724 3702 923 3747 ‘'⁸⁹⁸¹'‘
952 3723 1041 3791 ad
1065 3750 1112 3817 e)-
1123 3751 1204 3793 us
1215 3720 1479 3817 pulsum
1504 3743 1818 3817 tanquam
1835 3721 2049 3790 oneris
2057 3718 2382 3818 staperflui
2406 3726 2665 3795 eandem
2675 3719 3011 3813 sollicitet.

934 3886 939 3893 '
1035 3903 1069 3941 a
1150 3885 1278 3947 Lib.
1321 3885 1478 3965 Aph.
1505 3901 1560 3948 7.
1606 3883 1764 3963 Aph.
1807 3896 1892 3956 55.
1927 3879 2214 3948 Ὀιὸσοιιιν
2258 3883 2320 3946 ἓν
2357 3889 2416 3948 τὲ
2441 3879 2595 3968 fra?
2630 3887 2860 3962 {Ida-r&
2883 3885 3096 3950 πληθιν
3149 3883 3209 3947 {s

950 3966 1012 4023 τό
1042 3964 1273 4025 {ainzu
1304 3969 1467 4047 ῥαγῖ,
1486 3964 1798 4026 variacum·
1839 3966 2005 4029 κοιλίη
2025 3962 2264 4038 ίῖΛατΘ·
2291 3968 2666 4035 ἷμπιπλιῗτοὲ.
2716 3972 2802 4031 aaa
2822 3965 3210 4032 inondum..

949 4043 1188 4120 Quibus
1216 4044 1392 4123 hepar
1412 4044 1566 4125 aqua
1588 4044 1876 4123 repletum
1905 4045 1979 4110 ad
2002 4064 2300 4111 omentum
2345 4049 2595 4129 eruperit
2621 4089 2644 4114 ‚
2687 4047 2740 4108 is
2782 4062 2988 4116 venter
3052 4042 3218 4126 aqu*

952 4121 1225 4199 impletur
1242 4126 1305 4184 δι
1324 4126 1669 4188 moriuntur.
