3593 5087
955 354 1109 454 236
1209 349 1611 430 Monm
1706 350 3004 464 THoRACIS.1NTERN1

955 483 1441 561 bronchiorum
1487 491 1878 588 pulmoniS,
1928 510 2002 560 ut
2036 487 2319 588 suspicio
2381 490 2614 584 aliqua
2664 483 2793 560 effe
2854 487 3214 565 asthmatis

953 585 1318 682 praesertim
1346 592 1504 668 cum
1542 586 1927 686 quamdam
1955 590 2416 682 aequalitatem
2460 593 2531 662 &
2566 588 2865 660 eundem
2908 615 3151 662 tonum
3180 645 3212 678 ,

953 682 1517 783 progressumque
1558 686 1833 759 affefi’tus
1888 686 2143 783 semper
2196 688 2533 773 tennerit,
2594 712 2716 758 nec
2782 688 3219 786 periodicant

609 783 640 821 ⁸
956 783 1543 857 exacerbationem
1591 813 1671 858 ex
1722 786 2093 857 intervallis
2143 785 2461 857 asthmati
2511 786 2920 859 familiarem
2950 787 3211 860 habue-

577 884 584 891 “
959 884 1049 951 rit
1091 914 1105 951 :
1173 883 1471 956 {imiliter
1522 885 1679 957 sane
1736 884 2067 956 tuberculi
2117 884 2316 955 crudi
2345 938 2364 971 ,
2423 886 2533 957 vel
2576 887 2947 979 epyematis
2997 887 3205 959 nullae

959 1006 1139 1053 notae
1187 983 1312 1054 sese
1361 983 1813 1082 prodiderunt
1880 984 2201 1055 haetenus
2236 1038 2259 1071 ,
2325 1009 2448 1054 nec
2539 988 2630 1053 eri
2686 985 3053 1056 neumonia
3088 1010 3208 1060 aut

956 1082 1263 1180 pleuritis
1303 1080 1658 1181 praegreffa
1684 1140 1706 1172 ,
1753 1109 1831 1154 ut
1883 1085 2104 1154 omnis
2157 1082 2442 1182 suspicio
2503 1109 2621 1153 ace
2678 1107 2745 1152 at
2776 1081 3207 1158 membranas

955 1181 1300 1278 pulmonis
1330 1184 1590 1254 thoraci
1618 1177 1959 1254 adhaefisse
1992 1235 2016 1269 ,
2064 1206 2466 1280 quanquam
2517 1181 2685 1281 saepe
2720 1183 2895 1254 hanc
2932 1182 3207 1257 causam

955 1281 1397 1369 conjun&am
1447 1278 1577 1353 effe
1629 1309 1794 1354 cum
1847 1281 2044 1353 simili
2120 1281 2425 1354 anhelitu
2504 1278 2803 1354 observo·
2887 1282 3206 1378 Denique

956 1380 1183 1452 nullus
1220 1380 1552 1456 viscerum
1596 1380 2049 1471 subje&orum
2114 1404 2344 1452 tumor
2401 1377 2758 1470 scirrlwsus
2794 1433 2818 1469 ‚
2880 1382 3006 1477 qui
3054 1379 3202 1453 dia-

955 1478 1300 1579 phragma
1357 1506 1660 1578 premere
1694 1480 1891 1580 poffit
1942 1478 2243 1552 accusari
2321 1476 2513 1549 otest.

634 1593 784 1665 (ιώ,
825 1607 930 1654 1³¹0·
1058 1578 1288 1650 Unica
1332 1603 1563 1650 autem
1635 1604 1854 1675 eaque
1896 1578 2172 1650 evidens
2217 1604 2256 1648 a
2312 1575 2603 1648 modum
2642 1575 2844 1649 causa
2887 1578 3205 1676 praecessit

600 1654 874 1708 “mm‘'
956 1701 1157 1779 potus
1198 1676 1450 1748 scilicet
1481 1678 1813 1778 plurimus
1851 1682 1922 1751 ὅτ.
1977 1676 2291 1772 frequens
2326 1729 2350 1763 ,
2394 1675 2539 1746 imo
2588 1675 2973 1749 ordinarius
3011 1703 3203 1774 aquae

950 1774 1227 1875 frigidae
1251 1829 1277 1865 ‚
1327 1776 1518 1872 isque
1547 1775 1908 1849 diuturnus
1928 1776 2071 1847 tota
2099 1775 2444 1873 superiore
2489 1775 2730 1868 hyeme
2760 1828 2784 1862 ,
2811 1781 2882 1850 &
2909 1777 3205 1849 maximi.¹

952 1879 994 1951 ὲ
1022 1877 1266 1973 quovis
1309 1877 1610 1975 corporis
1637 1877 1956 1947 exercitio
1987 1876 2208 1972 pueris
2260 1874 2616 1945 ordinario
2644 1926 2671 1959 ,
2710 1900 2925 1970 quam
2956 1901 3209 1972 aquam

948 1974 1144 2049 haud
1167 1971 1460 2047 dubium
1487 1973 1582 2046 est
1612 1973 1768 2046 sane
1784 1971 2202 2073 propositam
2221 1971 2520 2071 spirandi
2551 1969 3024 2045 difficultatem
3046 2001 3202 2074 pro-

951 2075 1208 2148 ducere
1252 2068 1537 2173 potuiffe
1586 2070 1719 2146 five
1775 2068 2093 2173 impressa
2145 2072 2549 2170 intemperie
2596 2071 2854 2171 frigida
2896 2079 2965 2146 &
2991 2074 3213 2156 veluti

948 2173 1432 2272 congelatione
1462 2225 1487 2260 ,
1535 2198 1614 2244 ut
1659 2173 1964 2268 loquitur
2014 2169 2319 2244 Galenus
2349 2224 2373 2257 ,
2423 2169 2980 2269 diaphragmati‚
3029 2171 3206 2245 mus-

948 2275 1118 2348 culis
1153 2324 1178 2359 ,
1236 2271 1596 2368 nervisque
1617 2271 1978 2342 thoracicis
2006 2323 2029 2357 ,
2074 2269 2218 2342 imo
2253 2276 2322 2343 &
2350 2266 2533 2340 fibris
2567 2269 2955 2342 musculofis
3003 2267 3204 2344 bron-

949 2373 1120 2443 chiis
1165 2371 1572 2468 pulmonum
1602 2369 1856 2441 insertis
1885 2422 1909 2456 ,
1964 2367 2054 2440 de
2086 2367 2332 2465 quibus
2370 2367 2525 2439 ante
2546 2420 2569 2454 ,
2621 2366 2752 2442 five
2786 2371 3009 2469 potius
3060 2369 3209 2442 obs-

950 2468 1291 2542 truffione
1356 2465 1740 2539 eorundem
1791 2466 2110 2543 vasorum
2168 2465 2768 2565 quemadmodum
2827 2475 2898 2545 &
2957 2470 3211 2542 levium

954 2569 1403 2655 arteriarum,
1449 2566 1565 2639 sed
1598 2574 1668 2642 ὅ(
1726 2593 2055 2668 potorum
2099 2592 2248 2639 toto
2290 2568 2818 2666 parenchymate
2873 2569 3219 2669 pulmonis

956 2666 1410 2768 dispersorum
1434 2721 1459 2755 ,
1512 2670 1629 2764 qui
1677 2665 1946 2767 affeilus
2001 2669 2283 2765 hydrops
2324 2672 2665 2761 pulmonis
2714 2669 2846 2737 dici
2894 2672 3089 2766 potest
3129 2693 3220 2740 ex

958 2769 1283 2861 analogia
1300 2770 1638 2862 Hydropis
1660 2770 1893 2839 cerebri
1920 2768 1992 2836 de
2020 2794 2146 2864 quo
2166 2773 2313 2836 antd
2336 2791 2424 2835 ex
2450 2778 2477 2808 ⁸
2508 2768 2922 2862 Hippocrate.

602 2884 652 2931 e·
673 2882 932 2934 nminem.
1057 2867 1138 2937 V
1131 2866 1438 2955 erisimile‘
1464 2874 1546 2961 est
1575 2869 1743 2937 enim
1778 2873 1859 2937 ab
1887 2870 2196 2937 exercitio
2223 2868 2557 2960 aestuantes
2575 2918 2599 2952 ,
2623 2874 2726 2940 vel
2762 2872 2845 2937 ab
2871 2868 3099 2964 aliquo
3124 2863 3229 2959 afl-

941 2960 1120 3060 feffu
1159 2960 1392 3037 latente
1400 2962 1803 3057 febriculoso
1827 2973 2169 3062 pulmones
2196 2985 2446 3060 epotam
2469 2966 2731 3058 largius
2754 2993 2996 3063 aquam
3021 2990 3229 3037 attra-

958 3064 1122 3160 xiffi
1173 3092 1260 3134 ex
1294 3086 1476 3157 parte
1516 3061 1591 3135 ό·
1632 3063 1934 3160 imbibiffe
1958 3117 1983 3152 ‚
2025 3071 2240 3161 itaque
2250 3062 2484 3158 sensim
2508 3062 2826 3134 celleffam
2865 3068 3043 3135 oneri
3070 3072 3234 3161 pul·-

958 3162 1344 3256 monifuiffe
1382 3214 1406 3248 ,
1453 3187 1644 3262 atque
1691 3192 1835 3236 eum
1893 3167 1980 3235 ad
2007 3164 2129 3235 has
2178 3164 2522 3257 angustias
2567 3161 2902 3256 adduxiffi
2943 3166 3235 3237 tandem.

956 3263 1386 3359 Quanquam
1419 3289 1554 3334 non
1591 3262 2047 3364 improbabile
2090 3261 2285 3334 dictu
2313 3282 2392 3333 ex
2421 3258 2660 3333 eadem
2687 3262 2871 3357 aqua
2903 3256 3233 3334 effervess—

958 3387 1152 3437 cente
1206 3360 1588 3461 hydropem
1651 3365 1919 3436 thoraci
1969 3356 2360 3434 succrevisse
2419 3361 2623 3432 etiam
2671 3411 2696 3448 ‚
2763 3382 2842 3431 ut
2907 3358 3227 3455 sequenti·

959 3461 1426 3537 observatione
1449 3459 1755 3560 pluribus
1783 3458 2383 3534 demonstrabitur.

632 3570 822 3642 (amb
865 3568 956 3617 ³⁹·
1058 3560 1246 3635 cum
1274 3563 1490 3660 igitur
1525 3562 1598 3629 in
1634 3559 1758 3630 has
1790 3567 1962 3631 ‘suas
2009 3556 2247 3647 causas
2275 3557 2700 3654 intemperiem
2726 3551 2989 3648 ‚li-ilicet
3021 3555 3227 3651 frigi-

611 3628 772 3703 firm
963 3661 1116 3731 dam
1143 3664 1435 3757 partium
1461 3646 1880 3754 inspirittioni
1907 3660 2384 3741 inservientium
2404 3710 2429 3745 ‚
2473 3654 2548 3727 ό·
2575 3655 2920 3753 praesertim
2978 3656 3226 3752 hydro·-

956 3787 1100 3854 pem
1123 3763 1544 3853 pulmonibus
1591 3757 1897 3830 lzaft'enus
1929 3760 2132 3829 totius
2166 3759 2532 3832 curationis
2538 3768 2785 3850 scopos
2818 3753 3239 3847 direxiffim,
3276 3752 3283 3767 ⁸

651 3890 710 3947 ι,
735 3888 814 3937 per
832 3884 936 3937 μιτ-
963 3858 1164 3931 semel
1211 3865 1282 3934 δε
1319 3861 1564 3932 iterum
1596 3860 2052 3954 purgationem
2080 3853 2441 3960 praescripfi
2471 3855 2842 3948 serosorum
2874 3853 3252 3925 humorum-1

614 3948 866 3998 nunonem.
960 3956 1274 4035 exhibitis
1297 3965 1548 4030 manna
1579 4009 1604 4046 ‚
1650 3966 1833 4029 meuc
1858 3963 2112 4053 rosaceo
2120 3958 2336 4055 βίαι.
2387 3952 2668 4055 exprff'
2692 3955 2958 4054 agarici
2978 3954 3240 4050 partiat

945 4104 952 4109 ·
1041 4106 1079 4149 ι
1152 4087 1222 4155 Ρ.
1265 4102 1363 4173 72,
1385 4092 1570 4174 halus
1597 4088 1968 4177 amnonis,
