3593 5087
827 461 904 541 Ἀ
985 454 1671 542 COLLUVIE
1751 447 2276 529 SEROSA.
2573 448 2678 542 7]

516 590 680 687 Jam
738 617 973 666 autem
1058 591 1327 663 somnus
1408 587 1540 662 sive
1608 586 1804 689 sopor
1849 586 2263 684 quacunque
2319 575 2490 651 hol-5.
2544 571 2683 652 diei
2754 606 2910 676 serum
2935 576 3046 679 ῐηὶξ.

420 695 742 770 omnibus
770 693 1240 763 hemicranicis
1277 686 1508 760 seusun
1537 685 1861 789 obrepens
1889 740 1910 773 ,
1953 686 2209 757 doloris
2241 681 2508 774 alioqui
2545 706 2683 751 non
2725 665 3045 770 ssfflfflgffffl:

421 789 889 885 injucundum
929 816 1200 862 carmen
1234 789 1345 859 seu
1374 788 1656 859 fascinus
1689 842 1712 876 ,
1760 789 1800 857 ἒ.
1839 811 1980 881 qua
2013 784 2149 854 alia
2179 780 2430 852 amabo
2480 777 2684 851 causa
2724 782 3047 888 22:12‘25032

426 893 551 966 nisi
594 891 681 963 ab
709 891 992 962 humore
1023 888 1234 960 seroso
1270 914 1348 958 ex
1380 886 1488 959 se·
1521 894 1725 959 droia
1751 940 1774 974 ,
1819 886 1892 956 id
1921 883 2015 955 est
2037 937 2060 971 ,
2108 883 2431 952 irritantis
2459 881 2687 975 quali-
2727 896 2879 943 caus·-
2931 855 2985 899 ΡΟ

412 994 588 1063 ‘tatis
617 990 881 1089 experte
915 988 1257 1060 suscitatur
1284 1041 1306 1073 ,
1343 989 1411 1057 in
1456 1009 1716 1056 meatus
1752 985 2001 1056 scilicet
2033 981 2341 1053 sensuum
2384 975 2685 1080 expresso

420 1093 462 1164 ὲ
507 1090 1059 1163 membranarum
1116 1085 1371 1158 cerebri
1402 1084 1888 1184 compressione
1917 1138 1939 1171 ‚
1984 1089 2054 1157 δε
2099 1080 2317 1153 sensus
2375 1106 2516 1152 tarn
2562 1079 2685 1151 diu

429 1190 857 1262 devinciente
891 1214 1033 1283 quo
1063 1185 1154 1258 ad
1183 1189 1316 1278 loci
1344 1210 1578 1285 tepore
1601 1185 1805 1256 fuerit
1838 1183 2166 1256 resolutus
2198 1185 2226 1254 ?
2257 1182 2350 1250 ita
2380 1179 2528 1250 sane
2572 1177 2687 1250 est.

428 1289 791 1380 Quoniam
826 1291 1035 1386 igitur
1077 1313 1158 1357 ex
1193 1310 1488 1382 quatuor
1522 1283 1923 1356 humoribus
1963 1281 2308 1379 sanguinis
2350 1281 2420 1349 in
2474 1276 2686 1350 massa
2725 1297 3052 1370 nixi-&urm

421 1393 763 1461 contentis
820 1390 890 1456 in
946 1387 1187 1485 capitis
1242 1383 1409 1457 valis
1454 1437 1475 1470 ,
1545 1381 1699 1454 bilis
1769 1382 2057 1479 quidem
2130 1380 2405 1478 vigilias
2462 1382 2686 1479 potius
2726 1363 3052 1464 {ffssss'ss’ssmin

430 1489 639 1559 infert
665 1486 782 1558 sua
809 1486 1188 1556 acrimonia
1212 1489 1280 1558 δ(
1309 1481 1603 1555 ficcitate
1629 1538 1651 1570 ‚
1686 1484 1930 1579 reliqui
1962 1505 2190 1552 autem
2212 1504 2342 1550 tres
2376 1480 2690 1550 humores
2729 1475 3055 1579 ζ’ζξξξξξξζῑζ

427 1590 568 1659 nna
595 1612 752 1658 cum
783 1609 1208 1657 excremento
1228 1573 1481 1656 cereb‘ri
1505 1582 1781 1655 mucoso
1809 1607 1947 1683 prae
1971 1577 2163 1651 insita
2189 1577 2472 1651 crassitie
2499 1578 2690 1651 haud
2731 1607 2818 1640 tot·
2835 1585 3034 1639 ‘Reflu-

414 1685 632 1759 'facile
657 1680 925 1787 poffunt
957 1683 1197 1757 resolvi
1222 1737 1245 1771 ,
1266 1685 1499 1781 itaque
1525 1684 1596 1752 in
1627 1707 1896 1754 meatus
1922 1678 2234 1753 sensuum
2255 1676 2521 1779 appulsi
2549 1704 2689 1751 non

428 1786 654 1858 levem
688 1839 710 1874 ,
760 1809 876 1856 aut
922 1782 1197 1856 brevem
1239 1782 1551 1855 somnum
1605 1782 2043 1876 δυ’ὑίγιρτον,
2097 1781 2320 1877 qualis
2351 1781 2695 1856 hemicra-

423 1887 625 1958 niam
664 1886 1029 1957 comitatur
1050 1936 1071 1969 ,
1113 1883 1226 1954 sed
1249 1890 1724 1955 contumacem
1754 1886 1826 1954 ὅ(
1860 1905 2101 1953 vetum
2131 1879 2438 1977 soporem
2459 1935 2480 1968 ,
2515 1879 2697 1952 certe

426 1988 870 2074 Λυσθιόμρτον
929 1981 1296 2068 adferunt,
1353 1983 1573 2053 serum
1618 2004 1852 2052 autem
1906 1978 2253 2075 sanguinis
2304 1981 2700 2051 vehiculum

424 2106 602 2152 'cum
627 2081 869 2152 natura
903 2078 1018 2151 sua
1058 2079 1402 2152 mulcebre
1428 2106 1508 2152 ac
1535 2076 1875 2176 frigidum
1907 2075 2277 2147 humidum
2303 2128 2324 2161 ,
2380 2102 2531 2148 tum
2563 2102 2700 2178 prae

431 2181 767 2253 tenuitate
794 2179 991 2252 facile
1026 2178 1384 2252 resolubile
1414 2233 1435 2266 ,
1505 2177 1938 2279 proindeque
1991 2174 2301 2246 somnum
2340 2178 2543 2274 primi
2579 2201 2702 2276 ge-
2737 2173 2892 2279 {232²}
2915 2171 3061 2221 ‘⁰⁸⁸¹

430 2282 613 2352 neris
661 2304 900 2350 natum
955 2277 1052 2349 est
1099 2280 1393 2349 excitare
1454 2330 1477 2364 ,
1543 2283 1612 2351 &
1662 2302 1822 2349 eum
1861 2277 1984 2371 qui
2022 2270 2096 2346 sit
2135 2274 2396 2371 alioqui
2442 2274 2698 2348 doloris
2813 2290 3061 2348 (Somnu-

433 2376 1052 2479 praestantiffimum
1113 2376 1495 2449 remedium
1551 2377 1597 2470 ζ
1622 2403 1785 2449 nam
1844 2374 2077 2446 somno
2135 2369 2486 2474 progreffo
2541 2379 2698 2449 cum
2737 2347 3061 2463 ioff‘lffffi’piss’.

433 2479 628 2551 calor
654 2479 874 2551 vitalis
903 2475 1179 2549 coastus
1220 2480 1511 2568 majores
1536 2478 1749 2575 quam
1784 2474 1941 2548 ante
1966 2476 2138 2550 vires
2192 2476 2530 2565 resumat,
2584 2505 2703 2552 ne-
2739 2462 3023 2523 dmum)

435 2573 608 2650 celse
657 2576 752 2649 est
794 2580 1076 2650 omnino
1136 2576 1421 2649 fetosam
1477 2578 1913 2676 pleonoxiam
1972 2573 2060 2648 ab
2115 2575 2421 2650 auC'tiore
2474 2578 2703 2653 calore

437 2677 687 2750 discuti
738 2673 1165 2773 discussaque
1193 2672 1506 2748 facessere
1547 2675 1926 2771 dolorem)
1962 2701 2042 2747 ex
2075 2677 2211 2747 alia
2241 2701 2468 2751 autem
2512 2704 2704 2778 parte

441 2776 631 2849 idem
678 2775 773 2848 est
817 2777 907 2849 de
954 2802 1211 2877 vapore
1250 2775 1495 2847 bilioso
1547 2801 1755 2875 atque
1814 2775 1902 2848 de
1937 2772 2084 2874 ipsa
2136 2772 2274 2847 bile
2310 2774 2648 2867 judicium
2678 2830 2707 2867 ,

443 2878 849 2971 relinquitur
885 2875 1193 2976 profeci&
1226 2875 1517 2947 fetosum
1551 2879 1621 2946 in
1673 2878 1898 2976 capite
1945 2872 2306 2947 humorem
2360 2874 2576 2950 somni
2633 2878 2709 2949 in

447 2976 870 3046 hemicrania
905 2969 1033 3044 effe
1080 2972 1500 3044 occasionem
1550 3001 1629 3046 ac
1674 2975 2007 3046 fomitem.
2235 2982 2238 2989 ’

546 3069 902 3145 Postremo
936 3073 1269 3165 quoniam
1318 3073 1726 3171 experientia
1775 3073 1940 3146 teste
1998 3072 2413 3145 hemicrania
2458 3074 2712 3177 epilep-

459 3168 624 3243 fiam
652 3224 677 3258 ‚
725 3168 1280 3269 gravissimosque
1313 3172 1552 3269 capitis
1583 3169 1857 3244 affeEius
1904 3171 2252 3273 soporosos
2307 3197 2714 3271 praecurrere

449 3271 664 3358 solet,
694 3269 1091 3359 hujusmodi
1124 3293 1354 3340 autem
1397 3266 1674 3341 affessus
1712 3323 1733 3356 ,
1768 3296 1848 3343 ut
1870 3272 2041 3343 infra
2082 3272 2659 3348 demonstrabitur
2686 3327 2714 3363 ‚

450 3366 740 3441 fetosam
776 3371 846 3440 in
880 3372 1102 3470 capite
1150 3370 1523 3443 colluviem
1573 3371 2032 3444 continentem
2077 3371 2325 3445 habent
2382 3374 2660 3446 causam
2684 3427 2712 3461 ‚

369 3478 385 3485 “
450 3467 742 3541 statuere
769 3473 1051 3541 omnino
1103 3492 1425 3568 oportet,
1462 3468 2226 3564 somnum‘hemicraniae
2258 3473 2714 3566 familiarem,

438 3589 635 3663 utque
652 3571 808 3639 adeo
852 3573 1055 3665 ipsam
1079 3567 1539 3641 hemia-maiam
1565 3567 1932 3668 (stquidem
1976 3580 2310 3645 amborum
2367 3568 2714 3666 affeffluum

456 3668 504 3739 ἁ
508 3665 586 3759 fi
609 3670 883 3741 invicem
906 3669 1430 3765 inseparabilium
1469 3697 1608 3742 una
1645 3673 1853 3743 eadem
1903 3700 1974 3743 ue
2018 3672 2222 3763 causa
2258 3673 2561 3763 constitui
2607 3674 2714 3744 de-

453 3772 552 3837 het
571 3766 617 3861 >
649 3771 900 3838 exoriri
920 3770 1006 3838 ad
1029 3769 1239 3839 eadem
1272 3759 1471 3862 causa
1489 3824 1514 3858 ‚
1545 3770 1806 3843 humore
1859 3776 2075 3843 cilicet
2095 3765 2375 3864 aquqfo,
2407 3772 2478 3839 in
2505 3776 2712 3869 capite

442 3865 846 3939 redundante
873 3920 895 3951 ,
933 3866 1057 3961 fid
1103 3871 1360 3963 agitato
1404 3899 1484 3942 ac
1495 3871 1889 3964 fermentato
1927 3871 2204 3964 dsubitd
2252 3872 2484 3969 aliqud
2528 3875 2720 3946 affrici

449 3970 801 4064 {empeslate
822 3966 896 4053 (5-
918 3972 1411 4066 perturbatione.

550 4065 787 4164 Atque
819 4070 996 4145 hanc
1019 4069 1320 4148 nostram
1352 4067 1616 4150 tametsi
1650 4093 1905 4148 novam
1933 4063 2022 4144 de
2052 4064 2253 4147 causa
2281 4067 2712 4155 hemicraniae
2740 4057 3074 4179 ‚222‘132'2’2

2685 4178 2694 4185 ν.

536 4236 578 4293 ᾳ
656 4218 931 4302 Ιηίῐρίἁο,
