3593 5087
912 402 963 472 a
1358 388 1943 468 secrio
2082 389 2656 485 PRIMA;

550 529 702 638 ⁸23}
721 526 874 633 ’ἐξὲξ
915 534 1173 604 rientia.
1231 526 1363 599 Sed
1418 534 1492 601 &
1524 531 1751 600 varios
1814 525 2094 623 quoque
2124 527 2308 600 idern
2360 529 2580 602 serum
2638 553 2858 603 motus
2910 527 3157 608 locales

705 620 722 645 '
910 629 1041 703 five
1078 629 1308 727 sponte
1333 679 1355 714 ‚
1406 625 1535 701 sive
1558 626 1658 697 ab
1684 627 1824 698 alio
1867 630 2014 726 pati
2049 653 2287 699 natum
2320 624 2449 700 effe
2483 627 2756 702 evidens
2810 629 2904 702 est
2956 633 3104 705 satis
3136 665 3159 706 z

911 754 990 799 ac
1023 730 1181 799 clun
1216 730 1286 796 in
1315 722 1480 798 vasis
1522 727 1905 797 naturalem
1955 724 2199 797 habeat
2245 726 2474 798 sedem
2522 780 2546 814 ‚
2585 731 3019 826 primumque
3074 758 3157 805 ex

598 837 873 941 ¹}'‘⁹’s¹“³·¹}‘⁸
909 829 1159 899 truncis
1195 826 1303 898 seu
1332 822 1664 925 stipitibus
1720 850 1957 897 eorum
1986 816 2326 898 derivetur
2351 879 2376 912 ,
2430 824 2686 925 ipsique
2709 830 3023 901 vasorum
3049 830 3160 901 sti-

544 912 715 1001 3133.
736 910 798 938 “¹
823 908 870 939 ε’
902 930 1075 1026 pites
1114 926 1517 1023 multiplices
1544 926 1614 994 in
1650 927 2061 1023 propagines
2087 922 2512 996 deducantur
2537 928 2633 996 ita
2660 979 2684 1011 ,
2745 953 2821 997 ut
2861 930 3015 1000 vasa
3037 927 3160 1000 sibi

902 1026 1034 1097 lint
1070 1022 1602 1121 quodammodo
1627 1026 1951 1095 continua
1979 1075 2000 1108 ,
2037 1047 2411 1119 eorumque
2455 1027 2902 1097 extremitates
2928 1024 3160 1125 fingu-

904 1127 976 1197 la
1004 1122 1310 1196 membra
1338 1175 1361 1209 ‚
1397 1148 1540 1194 tam
1588 1126 1850 1195 interna
1899 1124 2109 1219 quam
2139 1149 2407 1194 externa
2442 1126 2780 1223 excipiant
2806 1177 2828 1211 ,
2869 1125 3049 1196 adeo
3083 1150 3162 1198 ut

903 1225 1174 1297 nullum
1225 1220 1607 1294 membrum
1660 1246 1891 1321 expers
1949 1219 2024 1292 sit
2068 1221 2384 1294 vasorum
2449 1221 2580 1295 slve
2625 1249 2954 1297 venarum
3029 1222 3164 1298 five

904 1325 1348 1409 arteriarum,
1383 1327 1451 1395 δε
1488 1320 1694 1418 porro
1723 1346 1960 1415 corpus
2006 1346 2187 1389 omne
2213 1321 2311 1409 fit
2356 1325 2721 1418 confluxile
2745 1349 2825 1393 ac
2839 1327 3158 1417 spirabile

898 1422 1349 1493 annotatione
1376 1432 1403 1461 ⁸
1443 1423 1866 1513 Hippocratis
1906 1418 1996 1489 ob
2038 1421 2420 1515 ingenitam
2467 1426 2608 1511 ejus
2637 1423 2982 1493 raritatem
3006 1475 3030 1509 ‚
3059 1422 3161 1494 se·-

902 1548 1058 1593 rum
1113 1516 1415 1618 profecto
1458 1519 1590 1590 huc
1622 1517 1785 1588 illuc
1825 1519 2084 1589 moveri
2113 1520 2512 1616 impellique
2554 1521 2853 1616 proclive
2884 1520 2979 1590 est
3011 1573 3035 1607 ‚
3082 1527 3161 1594 &

898 1622 1158 1691 irruere
1184 1620 1256 1690 in
1298 1618 1530 1687 omnia
1562 1614 1870 1687 membra
1901 1668 1925 1702 ‚
1973 1640 2183 1709 atque
2246 1641 2384 1687 non
2428 1619 2696 1687 tantum
2745 1644 2825 1689 ex
2874 1620 3158 1690 internis

902 1717 1225 1792 invadere
1282 1740 1549 1787 externa
1581 1768 1604 1801 ,
1648 1739 1767 1786 aut
1820 1714 1859 1785 ὲ
1898 1714 2194 1811 supernis
2251 1716 2358 1786 vel
2417 1718 2726 1787 torrentis
2764 1718 2836 1786 in
2889 1742 3158 1789 morem

903 1816 1261 1888 confertim
1285 1815 1693 1914 praecipitari
1725 1838 1805 1883 ac
1830 1810 2237 1884 decumbere
2281 1810 2353 1883 in
2400 1813 2693 1885 infernas
2724 1818 2795 1887 δε
2825 1813 3164 1900 subjectas

902 1940 1125 2013 partes
1158 1968 1182 2000 ‚
1239 1914 1349 1987 vel
1396 1911 1573 1985 lente
1607 1911 1931 2010 depluere
1963 1913 2034 1983 in
2068 1910 2340 1983 easdem
2373 1942 2394 1988 ς
2433 1911 2563 1992 ‚sed
2615 1914 2955 1983 contrario
3007 1914 3160 1986 nisu

904 2040 988 2084 ex
1016 2009 1441 2086 inferioribus
1476 2010 1791 2109 supernas
1839 2013 2163 2107 impetere
2193 2013 2371 2081 ac-in
2412 2036 2523 2082 eas
2547 2009 2950 2109 despumare
2987 2012 3162 2087 sde-

903 2115 1116 2208 nique
1158 2109 1245 2181 ab
1287 2111 1547 2181 extimis
1574 2135 1876 2184 remeare
1922 2112 1992 2180 in
2017 2110 2294 2180 intimas
2326 2162 2350 2195 ,
2402 2113 2473 2182 δε
2519 2106 2605 2178 ab
2648 2133 2788 2179 uno
2826 2108 3031 2180 latere
3082 2113 3162 2181 in

543 2241 697 2285 snm
733 2235 863 2305 ειςῑιε
904 2211 1099 2282 aliud
1135 2207 1483 2281 exundare
1515 2209 1711 2280 latus.
1741 2208 1980 2305 Atque
2015 2232 2420 2303 quanquam
2447 2206 2664 2278 serum
2695 2232 2856 2277 cum
2877 2206 3163 2304 sangui-

543 2296 867 2414 ῗψξζῗξξω
907 2336 992 2380 ne
1016 2309 1152 2378 coit
1182 2359 1207 2394 ,
1256 2331 1482 2377 tamen
1531 2308 1699 2399 quia
1753 2330 1892 2375 non
1945 2306 2067 2374 nisi
2108 2305 2499 2403 imperseRe
2530 2305 2845 2377 miscetur
2885 2309 2956 2378 δε
2988 2330 3163 2377 con-

900 2404 1217 2480 funditur
1260 2456 1283 2490 ,
1324 2402 1625 2496 ideoque
1682 2401 1881 2472 facile
1933 2401 2322 2499 separatur,
2376 2427 2586 2496 atque
2634 2429 2714 2475 ex
2765 2404 2901 2474 alia
3016 2430 3164 2478 arte

905 2504 1426 2603 aquaeingenita
1453 2498 1548 2574 est
1572 2496 1936 2600 propensio
1971 2504 2042 2574 δε
2103 2494 2132 2540 ¹³
2185 2501 2334 2585 δρμδ
2388 2499 2642 2584 sursum
2698 2430 3164 2598 quotiesgum-

904 2631 1042 2702 que
1066 2606 1276 2675 rarior
1318 2601 1438 2688 fit,
1496 2599 1658 2672 inde
1715 2600 1936 2671 serum
1967 2598 2329 2672 fervescens
2384 2602 2454 2671 in
2492 2598 2661 2675 vasis
2689 2626 2924 2700 praeter
2962 2628 3164 2676 natu-

905 2731 1054 2776 ram
1079 2705 1119 2774 ὲ
1148 2726 1587 2799 quacumque
1638 2698 1838 2770 'causa
1869 2697 2066 2770 facile
2101 2698 2231 2770 sese
2274 2699 2526 2772 exolvit
2554 2703 2594 2770 a
2623 2700 2968 2799 sanguinis
3005 2728 3161 2799 per·-

904 2805 1270 2886 mixtione,
1299 2802 1499 2896 eique
1518 2799 1953 2898 supernatans
1978 2802 2050 2871 δε
2075 2795 2483 2895 despumans
2503 2799 2740 2898 sponte
2765 2801 2880 2871 sua
2898 2800 3159 2873 sursum

514 2939 519 2944 ·
602 2929 766 2982 sponte
788 2921 867 2967 sua
902 2926 1218 2977 movetur
1248 2896 1692 2995 efferturque,
1725 2899 1962 2993 itaque
2006 2920 2213 2996 caput
2237 2897 2504 2972 invadit
2531 2923 2680 2969 tum
2728 2924 2847 2997 per
2879 2898 2940 2970 se
2982 2924 3162 2994 quo-

544 2986 865 3093 3353?AEssss
904 3004 1029 3076 ties
1055 3003 1390 3074 fervorem
1421 2999 1717 3097 concipit
1766 2999 1877 3069 vel
1917 2996 2139 3070 levem
2178 3047 2200 3081 ‚
2257 2999 2382 3093 qui
2431 2999 2818 3070 immixtum
2877 2997 3162 3096 sangui-

544 3095 843 3168 Wfflmi‘·
904 3128 1063 3176 nem
1098 3099 1410 3171 nondum
1442 3096 1845 3172 fermentare
1885 3100 1957 3169 δε
1987 3094 2357 3169 calefacere
2395 3095 2629 3194 possit,
2651 3122 2801 3170 tum
2841 3095 3004 3169 verb
3047 3124 3160 3169 ra-

898 3203 1088 3302 -pitur
1118 3225 1277 3274 cum
1332 3197 1662 3293 sanguine
1688 3250 1712 3284 ‚
1748 3192 1796 3268 si
1828 3195 2009 3266 hunc
2040 3194 2243 3266 semel
2288 3193 2540 3265 fervere
2591 3196 2857 3267 eveniat
2913 3195 2954 3263 ὲ
3002 3220 3161 3266 ma-

904 3306 1048 3390 jore
1095 3298 1343 3369 scilicet
1368 3298 1595 3368 calore
1641 3295 1905 3369 fervore
1949 3315 2279 3392 concepto
2304 3345 2329 3380 ‚
2388 3289 2582 3388 quod
2606 3291 2923 3389 sanguini
2955 3299 3163 3366 tenui

906 3406 979 3474 &
1007 3397 1247 3473 bilioso
1282 3394 1577 3468 maxime
1608 3393 1703 3466 est
1742 3393 2103 3465 familiare.
2199 3459 2202 3462 ,

514 3569 517 3572 Α
604 3535 786 3592 ῃψιη
813 3535 871 3581 ις.
1005 3491 1196 3587 Quia
1235 3494 1396 3568 vero
1421 3517 1657 3567 contra
1690 3493 1925 3565 tenuia
1975 3487 2292 3585 fluxaque
2341 3513 2624 3590 corpora
2652 3493 2723 3563 &
2752 3485 2916 3563 verb
2949 3489 3160 3560 mini-

586 3610 667 3697 *ξ’*
700 3593 753 3640 '¹⁸²
792 3607 869 3642 '⁸’
902 3597 1019 3668 ⁴m'e
1051 3600 1235 3670 lenta
1257 3593 1649 3690 viscidaque
1666 3590 1870 3664 facile
1896 3592 1970 3662 in
1995 3589 2125 3663 sese
2143 3591 2444 3662 invicem
2464 3593 2715 3663 coeunt
2738 3641 2762 3676 ,
2788 3585 3162 3684 sanguinis

898 3719 1122 3766 autem
1146 3691 1471 3791 utriusque
1499 3744 1522 3781 ,
1576 3693 1690 3788 qui
1718 3692 1790 3760 in
1816 3688 1986 3779 vifis
2013 3691 2373 3762 continetur
2397 3739 2453 3779 ‚e
2476 3688 2791 3782 duaesum
2811 3711 3033 3783 partes
3058 3688 3163 3757 di-

3147 3791 3169 3814 2

896 3943 899 3946 .
988 3894 1027 3933 ⁸
1086 3874 1218 3936 Lib·
1238 3871 1312 3933 de
1334 3873 1489 3937 autu·
1514 3896 1572 3956 p-
1610 3883 1676 3946 38
1692 3891 1740 3932 1.
1762 3872 1801 3932 l·
1833 3887 1920 3942 39·
1957 3867 2199 3946 kt'ep'o‘uoe
2217 3870 2324 3945 μία
2340 3913 2361 3940 ,
2382 3870 2653 3942 ξιῖιιτνιια
2677 3862 2786 3938 μιά
2807 3911 2828 3941 ,
2855 3864 3151 3941 euanuit

916 3957 1096 4016 ’πᾶντα
1120 3995 1140 4020 ,
1189 3949 1484 4013 confluxio
1554 3973 1666 4015 una
1689 3998 1709 4022 ,
1747 3950 2094 4031 conspiratio
2127 3970 2280 4022 una,
2330 3948 2741 4014 consentientia
2773 3947 2982 4005 omnia.

895 4035 905 4048 ’
992 4034 1036 4093 b
1093 4030 1267 4108 Οέωἴ
1304 4030 1487 4088 ”frmi
1514 4033 1809 4107 1ΡΡθτίτὶΦ
1834 4075 1854 4097 ‚
1895 4029 2016 4109 qua
2038 4030 2114 4092 ad
2138 4030 2238 4101 id,
2268 4029 2432 4112 quod
2459 4029 2649 4096 visum
2673 4023 2753 4091 est
2785 4067 2810 4095 ,
2831 4037 3155 4094 movemur·

917 4107 1141 4172 Foesius
1176 4108 1376 4172 AEcon.
1425 4106 1711 4188 Hippocr.
1757 4125 1817 4187 p.
1868 4115 1998 4198 ²2⁸⁰·

1016 4229 1057 4266 N
