3593 5087
807 349 888 432 ‘A
987 345 1671 430 COLLUVIE
1770 344 2273 430 SEROSA.
2517 361 2672 457 '123

400 472 540 551 sese
579 477 891 551 contrahi
921 479 1151 579 sponte
1180 531 1204 565 ,
1258 483 1328 550 &
1367 477 1454 549 de
1507 477 1942 578 longitudine
1975 477 2353 582 deperdere
2382 531 2405 566 ,
2445 506 2668 576 quan·-

394 579 851 650 ·tum·alienus
894 579 1141 648 humor
1194 578 1497 647 occultos
1525 604 1725 677 poros
1759 577 2021 651 subiens
2050 605 2129 650 ac
2164 578 2426 677 replens
2460 579 2665 651 addi-

392 673 516 748 dit
550 699 1009 775 augmentum
1025 674 1390 747 latitudini.
1422 676 1595 749 Utra
1621 701 1854 750 autem
1903 677 2099 749 causa
2134 674 2209 749 fit
2236 704 2316 749 ex
2343 675 2518 750 statu
2547 680 2665 751 seu

394 763 643 872 *rigore
681 774 1129 871 consequente
1166 772 1473 862 judicare
1533 774 1626 847 est
1654 830 1678 864 ,
1755 774 2089 871 liquidem
2129 781 2199 849 δ(
2256 799 2523 848 motum
2585 783 2663 852 δι’

402 870 666 944 statum
702 876 896 945 unius
937 873 1377 966 ejusdemque
1420 874 1635 947 causae
1677 872 1996 949 effectum
2034 869 2286 947 neceffe
2330 873 2422 946 est
2484 871 2613 948 esse
2637 905 2664 954 ς

404 972 607 1066 atqui
647 974 837 1069 rigor
864 971 972 1043 seu
1004 969 1453 1044 inflexibilitas
1491 973 1906 1070 consequens
1965 998 2230 1067 motum
2280 971 2376 1045 est
2416 971 2664 1047 dunta-

402 1091 524 1140 xat
573 1068 847 1144 effeEtus
895 1071 1209 1144 violentae
1277 1070 1702 1145 distentionis
1736 1075 1794 1145 -ὲ
1837 1074 2038 1146 causa
2095 1075 2469 1173 implente,
2523 1098 2665 1145 non

384 1189 630 1241 1motus
681 1194 939 1242 naturae
976 1171 1249 1243 irritatae
1281 1225 1304 1258 ,
1350 1195 1425 1242 ut
1461 1198 1542 1243 ex
1596 1171 1659 1244 se
1708 1173 2007 1246 evidens.
2048 1176 2477 1265 Quamobrem
2504 1199 2656 1244 con·
2701 1173 3024 1279 ssss‘hffi‘ff'

403 1269 660 1338 cludere
684 1271 765 1364 est
818 1272 1237 1362 depravatum
1271 1295 1518 1340 omnem
1557 1272 1627 1338 in
1656 1269 1982 1367 hystericis
2016 1294 2260 1342 motum
2293 1271 2664 1343 ‘animalem
2695 1294 2824 1361 ‘⁸⁰¹9
2873 1251 3026 1340 ῗὲἷω

377 1363 532 1453 five
562 1369 983 1438 membrorum
1008 1365 1759 1462 commilionemsoepius
1804 1372 2128 1463 repetitam
2149 1421 2175 1457 ,
2195 1367 2342 1459 stre
2371 1371 2667 1465 constan·
2695 1349 2939 1453 {2222223
2970 1380 2993 1407 ⁸

402 1483 532 1532 tem
576 1467 855 1558 rigorem
907 1469 1135 1557 inferri
1184 1469 1450 1537 omnino*
1501 1471 1543 1537 ἀ
1577 1465 1777 1560 caus}
1791 1522 1816 1556 ,
1832 1468 2260 1561 stveaeorpore
2283 1470 2501 1539 alieno
2525 1473 2666 1563 fica
2698 1466 3028 1594 ξζὲῗζζξὶζῖῶ

391 1565 801 1656 plenitudine
826 1574 1093 1658 replente
1119 1592 1455 1638 nervorum
1484 1569 1887 1662 principium
1910 1619 1934 1654 ,
1970 1567 2219 1664 ejusque
2246 1567 2664 1640 latitudinem
2688 1595 2790 1638 aue
2848 1596 3021 1687 ‹33³⁸-

382 1660 507 1750 stu
534 1666 881 1734 cavitatem
911 1665 1283 1754 dislendente
1316 1694 1340 1743 ς
1384 1665 1514 1738 hoc
1564 1664 1660 1736 est
1701 1665 1874 1739 dum
1923 1665 2273 1739 cerebrum
2315 1666 2663 1762 quodam·
2699 1653 2832 1766 2‘2'29.
2890 1656 2902 1684 ¹
2946 1655 3029 1686 ω’

402 1759 625 1832 modo
655 1788 1061 1860 corrugatur
1100 1816 1124 1851 ‚
1212 1764 1482 1860 seseque
1522 1762 1668 1862 ipso
1706 1764 1979 1837 brevius
2038 1762 2324 1838 efficitur
2362 1817 2386 1851 ,
2433 1765 2661 1841 secum
2697 1756 3028 1860 „fflss‘ufgss

403 1860 679 1932 trahere
720 1865 956 1934 omnia
993 1862 1291 1951 adnata,
1340 1861 1789 1962 appendicem
1840 1860 2087 1933 scilicet
2129 1863 2484 1939 nervosum
2544 1893 2665 1966 ge-
2698 1882 3032 1972 323⁸&ss

403 1980 529 2030 nus
569 2011 595 2046 ‚
650 1960 886 2057 itaque
915 1959 1062 2032 fieri
1117 1963 1325 2033 totius
1353 1963 1654 2061 corporis
1680 1955 2200 2033 convulfionum
2226 1988 2366 2034 non
2382 1987 2675 2130 1propor-
2707 1983 2836 2030 και
2860 1999 2876 2030 ι
3028 1972 3032 1976 ’

320 2067 333 2080 ‘
396 2056 747 2130 tionatam
794 2061 1096 2131 materia:
1127 2112 1152 2146 ,
1205 2060 1538 2156 quoniam
1575 2085 1715 2131 non
1758 2081 1996 2129 omnes
2032 2082 2254 2157 partes
2304 2064 2377 2149 ju
2441 2085 2554 2132 am
2598 2068 2673 2137 ὅς

394 2159 1009 2254 proportionatam
1045 2157 1177 2231 suae
1194 2157 1647 2230 convulsionis
1674 2157 1951 2229 causam
1978 2157 2152 2228 intra
2181 2155 2248 2227 se
2278 2159 2630 2232 continent
2652 2214 2679 2250 ,

403 2251 535 2325 sed
568 2278 650 2324 ex
682 2279 925 2327 eventu
953 2256 1447 2328 convelluntur.
1491 2252 1734 2350 ltaque
1763 2251 2140 2341 verofimile
2186 2254 2281 2328 est
2320 2257 2497 2327 mihi
2547 2257 2681 2331 sta-

405 2351 544 2424 tim
576 2377 785 2449 atque
842 2356 1255 2454 principium
1319 2378 1683 2428 nervorum
1736 2351 1825 2426 ab
1883 2355 2197 2454 opplente
2223 2380 2511 2456 corpore
2539 2358 2680 2430 dis-

413 2449 615 2525 tendi
638 2454 1087 2551 contrahique
1111 2454 1352 2555 incipit
1375 2505 1399 2540 ,
1454 2453 1713 2527 sursum
1767 2453 1944 2526 trahi
1977 2479 2257 2552 quoque
2305 2455 2682 2569 appensum

412 2552 775 2625 nervosum
803 2578 1019 2652 genus
1045 2551 1135 2626 ob
1161 2552 1605 2652 deceffionem
1634 2553 2092 2652 longitudinis
2120 2606 2143 2642 ,
2197 2578 2351 2651 quae
2375 2560 2680 2654 lequitur

414 2644 788 2727 necessario
831 2653 1268 2727 acceffionem
1299 2652 1683 2725 latitudinis
1712 2659 1785 2727 &
1811 2652 2190 2725 altitudinis
2217 2706 2239 2737 ,
2274 2660 2343 2727 δι
2371 2655 2469 2727 ita
2512 2659 2681 2754 rigi-

402 2746 592 2820 dum
620 2775 865 2849 corpus
905 2778 1181 2825 manere
1230 2752 1766 2846 convulsumque
1794 2782 1814 2821 z
1869 2750 1984 2824 sed
2024 2749 2226 2823 causa
2266 2757 2489 2850 magis
2539 2780 2689 2823 ma-

414 2847 664 2947 gisque
707 2850 1034 2946 implente
1085 2847 1215 2927 five
1247 2850 1415 2944 quia
1464 2845 1801 2949 eopiosior
1849 2849 2047 2922 irruit
2096 2853 2169 2921 &
2199 2847 2467 2947 depluit
2490 2904 2513 2940 ,
2549 2848 2685 2927 five

416 2948 654 3044 potius
691 2948 857 3042 quia
885 2972 1039 3043 quae
1067 2950 1209 3034 jam
1252 2942 1670 3020 decubuerat
1710 2945 2038 3020 ebulliens
2067 2945 2157 3018 de
2190 2969 2371 3020 novo
2423 2955 2493 3022 &
2537 2950 2686 3024 des-

420 3067 760 3143 pumans,
807 3067 1015 3140 atque
1071 3044 1405 3116 contineri
1480 3045 1636 3116 loco
1701 3046 1923 3117 minus
1966 3047 2178 3144 quam
2238 3042 2397 3116 ante
2448 3074 2687 3147 potens

423 3143 654 3242 magis
685 3146 1046 3242 magisque
1100 3140 1428 3217 distendit
1472 3141 1909 3216 latitudinem
1941 3196 1965 3231 ,
2027 3144 2191 3217 inde
2250 3146 2688 3245 longitudine

421 3242 791 3316 imminuta
871 3271 941 3316 er
979 3246 1158 3318 vices
1186 3242 1548 3315 trahuntur
1576 3238 1888 3315 membra
1943 3242 2098 3315 ante
2139 3244 2369 3345 rigida
2396 3252 2466 3320 δι
2489 3243 2686 3344 quast

414 3343 703 3412 concuti
724 3269 1039 3416 vicfentur
1062 3344 1135 3413 in
1164 3340 1510 3437 hystericis
1541 3338 1962 3437 mulieribus.
2827 3401 2868 3428 .,

526 3437 913 3539 Utramque
930 3467 1162 3515 autem
1182 3438 1313 3513 five
1328 3436 1951 3535 conquaffationem
1972 3439 2350 3515 identidem
2378 3439 2631 3512 fastam
2658 3492 2687 3529 ‚

418 3534 563 3612 five
597 3540 896 3638 rigorem
942 3538 1364 3613 constantem
1411 3530 1833 3614 distentionis
1872 3542 1913 3614 'a
1940 3541 2145 3614 causa
2173 3542 2497 3640 implente
2535 3538 2685 3610 illa-

424 3635 887 3731 taexduntaxat
917 3634 1377 3713 effestumeffe
1416 3668 1495 3714 ex
1525 3667 1605 3713 eo
1656 3639 2106 3714 confirmatur
2129 3692 2151 3726 ‚
2207 3634 2408 3733 quod
2467 3637 2685 3711 sensus

416 3737 651 3809 tastris
680 3738 752 3808 in
783 3738 915 3810 hoc
961 3735 1203 3813 affeetu
1290 3740 1504 3812 rorsus
1546 3739 1834 3839 deperiit
1865 3791 1889 3823 ,
1944 3763 2023 3808 ut
2055 3735 2213 3807 ante
2268 3733 2363 3805 est
2389 3734 2683 3811 insinua-

428 3860 622 3908 tum:
676 3863 839 3909 nam
884 3863 1048 3925 cum
1101 3765 1323 3912 senilis
1359 3837 1629 3940 prorsus
1672 3837 1795 3912 sint
1843 3832 2131 3933 sepulti,
2181 3846 2497 3909 naturam
2546 3864 2684 3911 non
2741 3842 3044 3954 {ffgssuffi

423 3932 528 4007 est
554 3934 904 4034 probabile
931 3937 1268 4012 irritatam
1322 3938 1859 4012 contractionem
1909 3958 2064 4005 eam
2113 3931 2574 4009 membrorum
2613 3945 2683 4012 ὅ(
2718 3917 3044 4025 lin-semga-

425 4034 922 4135 concuffionem
949 4038 1178 4114 moliri
1206 4092 1236 4132 ,
1285 4061 1362 4113 ut
1396 4036 1693 4111 excutiat
1722 4036 2008 4113 noxium
2035 4031 2303 4131 aliquid
2337 4041 2408 4114 &
2436 4037 2685 4114 moles-
2720 4014 2920 4064 ’κώ
2940 4009 3048 4057 ⁸⁸⁶*

1981 4149 2140 4245 Qz
