3593 5087
1087 299 1125 309 ,ν

805 443 963 522 ἈΒ
1070 443 1637 526 ILLUVIE
1734 445 2244 525 SEROSA.
2503 459 2650 527 *acor

407 599 725 678 praeterea
767 582 1005 655 calore
1040 590 1112 657 &
1143 583 1377 684 spiritu
1419 581 1824 655 animalibus
1874 606 2155 658 vacante
2192 577 2655 654 funffionibus

399 684 668 755 terrum
712 678 807 750 est
836 706 1092 753 natur-ze
1145 684 1379 752 munia
1420 708 1561 764 non
1614 680 1955 752 mediocre
1999 704 2236 778 capere
2284 677 2652 749 detrimen-

405 797 556 845 tum
601 830 625 862 ‚
699 782 770 850 &
807 779 879 847 in
933 777 1163 877 primis
1208 805 1790 852 excrementorum
1846 781 2292 851 excretionem
2348 800 2463 875 per
2501 777 2648 850 vias

409 876 886 947 convenientes
921 883 992 949 <Sc
1023 881 1062 947 ὲ
1084 878 1327 949 natura
1349 878 1705 948 institutas.

511 971 633 1042 Ad
665 972 804 1043 haec
840 974 1149 1071 plethora
1187 1002 1326 1048 non
1361 974 1576 1075 potest
1623 1001 1762 1048 non
1824 975 2016 1045 oneri
2056 969 2184 1046 effe
2230 972 2494 1045 hom-ini
2548 972 2647 1044 se-
2684 1008 2801 1062 tnn-
2833 1009 3009 1063 antefe-

403 1066 727 1140 dentariae
763 1073 915 1143 vitae
945 1076 1378 1173 mancipato;
1440 1101 1600 1145 narn
1637 1071 1753 1145 etfi
1787 1069 2364 1143 ambulationibus
2399 1070 2648 1144 crebris
2681 1053 2893 1164 ffssffif‘j'
2934 1066 3007 1098 ¹⁸⁸

398 1190 518 1265 per
553 1170 860 1267 amplam
887 1170 1198 1262 *domum
1238 1170 1469 1243 officia
1525 1171 1801 1271 publica
1857 1197 2014 1243 eum
2051 1168 2440 1267 obligarent
2468 1223 2490 1256 ,
2543 1194 2649 1243 ta-

347 1285 356 1294 ·
397 1289 556 1336 men
591 1268 932 1358 ejusmodi
962 1263 1462 1343 ambulationes
1485 1269 1698 1341 tardoe
1728 1324 1750 1357 ,
1801 1293 1954 1363 quae
1977 1269 2205 1341 virum
2229 1293 2509 1365 gravem
2528 1268 2649 1342 de-

397 1387 554 1435 cent
596 1417 621 1452 ,
693 1367 977 1438 minime
1013 1370 1157 1441 vim
1188 1369 1683 1440 exercitationis
1748 1365 1994 1439 habere
2043 1361 2353 1465 possunt,
2397 1370 2652 1465 quippe

397 1485 558 1556 quae
596 1463 859 1563 semper
910 1464 1104 1537 labor
1158 1465 1254 1536 est
1286 1474 1356 1540 &
1401 1466 1717 1538 sudorem
1741 1467 2107 1537 terminum
2133 1462 2366 1535 habet:
2415 1464 2529 1538 sed
2558 1466 2652 1537 ad
2750 1465 2757 1474 ”

399 1559 721 1648 ejusdem
750 1563 1190 1659 plenitudinis
1211 1562 1532 1636 serosaein
1558 1586 1701 1636 toto
1731 1618 1756 1652 ‚
1813 1571 1883 1638 δε
1924 1566 2147 1662 capite
2198 1588 2650 1660 augmentum
2704 1637 2709 1640 r

390 1655 706 1751 hyberna
760 1659 1151 1738 constitutio
1194 1688 1333 1734 non
1384 1665 1747 1735 minimum
1786 1687 2208 1734 momentum
2256 1661 2652 1750 adferebat,
2866 1701 2909 1720 «-

392 1759 552 1828 cum
594 1759 719 1831 illa
751 1759 922 1830 nihil
962 1762 1233 1863 digerat
1258 1810 1289 1844 ,
1331 1759 1445 1834 sed
1481 1761 1774 1835 densatis
1815 1784 1960 1838 toro
2005 1784 2289 1860 corpore
2322 1762 2506 1861 poris
2550 1759 2649 1833 se·-

389 1854 908 1935 rumcohibeat2
2232 1949 2237 1954 ,

495 1953 857 2029 Postremo
898 1956 1307 2029 confirmant
1354 1957 1529 2030 hanc
1573 1956 2019 2057 plenitudinis
2090 1954 2318 2027 serosae
2377 1960 2648 2057 opinio-

389 2078 554 2126 nem
600 2053 749 2125 ha'ec
775 2107 798 2140 ,
844 2054 1095 2125 scilicet
1124 2056 1410 2127 insolitae
1451 2058 1690 2156 capitis
1722 2054 2073 2154 gravitatis
2130 2053 2345 2124 sensus
2384 2057 2457 2126 in
2507 2079 2652 2125 me·-

390 2151 517 2222 dia
555 2151 753 2238 ruffi,
797 2154 1002 2223 totius
1028 2154 1164 2223 oris
1208 2150 1659 2226 inflammatio
1685 2206 1707 2239 ‚
1754 2178 1886 2226 vox
1921 2151 2207 2220 minime
2253 2149 2467 2221 libera
2518 2175 2655 2249 prae

381 2247 842 2320 obturatione
887 2272 1146 2320 meatus
1181 2250 1395 2347 palati
1430 2256 1501 2324 ὅ(
1534 2253 1804 2322 narium
1831 2304 1854 2336 ‚
1899 2248 2200 2342 denique
2227 2271 2460 2347 torpor
2487 2251 2655 2320 alte-

387 2348 541 2418 rius
583 2345 855 2417 brachii
911 2345 998 2417 ab
1044 2372 1240 2443 aquae
1284 2347 1320 2419 ὲ
1374 2351 1596 2447 capite
1652 2348 1979 2421 decubitu
2030 2346 2261 2443 saepius
2292 2351 2363 2419 ὅ(
2402 2346 2525 2418 diu
2579 2349 2655 2417 in

333 2487 338 2490 Δ
382 2471 582 2515 anno
621 2446 773 2517 viro
818 2439 1135 2542 religioso
1177 2446 1671 2530 incommodus·
1720 2451 1888 2541 Quae
1943 2446 2086 2514 ciem
2125 2443 2435 2532 itastnt,
2494 2448 2654 2541 quid

379 2548 638 2615 mirum
678 2546 999 2614 accedente
1028 2551 1227 2636 causti
1253 2571 1534 2619 movente
1570 2549 2040 2642 plenitudinem
2071 2572 2209 2613 eam
2250 2543 2652 2639 capitisstve

371 2658 536 2740 per·
556 2644 989 2729 colatorium,
1008 2642 1152 2731 five
1188 2671 1299 2735 per
1323 2672 1523 2717 venas
1553 2668 1873 2716 extremas
1901 2646 2039 2713 oris
2072 2646 2372 2737 impetum
2409 2643 2650 2739 coepiffi

381 2748 458 2813 in
492 2767 720 2835 partes
768 2744 969 2834 capiti
1006 2738 1375 2834 fitbjee‘las:
1414 2745 1638 2833 strum
1662 2744 1918 2836 seilicet
1964 2746 2249 2836 primum
2307 2752 2550 2834 magna*
2578 2746 2651 2814 νὶ

377 2839 752 2935 expreffiem
797 2838 1088 2933 depluiffe
1124 2842 1195 2907 in
1215 2847 1592 2933 pulmones,
1637 2864 1770 2911 rum
1795 2843 2010 2936 postea'
2031 2838 2426 2931 sanguinem
2460 2840 2653 2908 eciam

386 2935 968 3035 ipsumsubstitff
997 2941 1067 3004 in
1099 2941 1233 3004 oris
1256 2939 1552 3029 parribus
1570 2945 1606 3004 2
2274 2986 2277 2989 »
2680 2934 2693 2941 Κ

494 3035 613 3107 lta
650 3035 834 3105 enim
875 3032 1299 3105 sentiendum
1348 3032 1442 3105 est
1493 3036 1652 3106 cum
1701 3035 1999 3130 hyberna
2053 3030 2450 3132 frigidaque
2493 3036 2652 3106 anni
2688 3060 3007 3126 cnut-tenen.

389 3132 809 3205 constitutio
836 3132 1293 3231 plethoricum
1324 3156 1570 3232 corpus
1593 3135 1664 3204 in
1696 3131 1839 3206 R‘10·
1872 3141 2070 3209 Patre
2095 3132 2467 3206 offenderet
2496 3133 2541 3227 (
2567 3135 2653 3205 li-
2690 3135 2797 3167 ”⁸¹¹¹
2820 3134 2974 3166 ‘'m’‘

377 3258 501 3305 cet
550 3257 852 3326 namque
883 3230 1077 3302 domi
1113 3227 1396 3303 refidem
1421 3237 1637 3303 vitam
1664 3258 1897 3331 ageret
1926 3260 2189 3320 ,tamen
2214 3234 2472 3320 injuriis
2505 3261 2653 3305 am·
2732 3274 2737 3283 .

378 3332 649 3405 bientis
689 3330 1064 3402 obnoxium
1091 3325 1323 3402 vixisti»
1350 3355 1491 3398 non
1535 3328 1750 3400 soliim
1799 3356 1879 3401 ex
1906 3332 2238 3426 frequenti
2263 3331 2299 3402 ὲ
2338 3333 2651 3403 conclavi

387 3423 674 3524 egreffu
707 3429 1084 3524 intelligere
1106 3427 1203 3498 est
1230 3479 1252 3512 ‚
1294 3424 1407 3497 sed
1442 3453 1518 3499 ex
1538 3452 1619 3498 eo
1647 3428 1843 3524 quod
1868 3431 1936 3500 in
1965 3432 2316 3529 peramplo
2344 3428 2653 3501 conclavi

384 3538 648 3624 tepore
700 3527 877 3623 ignis
908 3524 1261 3597 domestici
1325 3523 1655 3621 nusquam
1712 3553 2011 3601 recreato
2068 3528 2325 3600 sederet
2394 3525 2651 3595 dormi-

377 3649 649 3719 retque
694 3624 963 3718 hyemes
996 3648 1169 3695 totas
1201 3625 1247 3716 >
1289 3617 1384 3694 ita
1407 3677 1430 3710 ,
1514 3626 1793 3722 inquam
1822 3681 1844 3714 ,
1891 3626 2318 3701 sentiendum
2365 3622 2460 3693 est
2502 3622 2650 3692 san-.-

376 3723 694 3824 guinem
738 3720 1025 3818 quidem
1061 3749 1136 3794 ex
1183 3724 1479 3822 corporis
1520 3724 1754 3799 habitu
1782 3731 2036 3798 externi
2061 3727 2130 3796 vi
2167 3722 2439 3816 frigoris
2468 3720 2649 3793 intro

376 3819 747 3921 repulsum
801 3820 1036 3920 sponte
1067 3820 1183 3892 sua
1215 3846 1289 3895 ut
1337 3822 1500 3895 solet
1533 3824 1783 3897 viscera
1815 3829 1886 3896 δε
1925 3820 2221 3893 maxim'e
2260 3825 2467 3916 hepar
2516 3821 2642 3892 im·
2687 3842 3006 3947 tpffqeefebrg:

2743 3919 2770 3947 Ω
2798 3919 2843 3947 ln
2877 3920 2925 3947 120

376 3945 627 4020 petere
655 3973 677 4006 ‚
723 3918 1003 4016 ejusque
1045 3918 1209 3992 vafis
1261 3922 1474 4016 usque
1501 3926 1570 3993 &
1600 3922 1811 4016 usque
1847 3916 2180 3991 intrusum
2213 3924 2284 3992 ὅτ.
2334 3919 2646 3990 incunea-
2685 3958 2915 4015 dmm„

335 4076 343 4081 .
379 4045 555 4094 tum
587 4020 961 4090 continenti
1024 4018 1196 4092 febri
1239 4021 1441 4115 eique
1481 4041 1756 4115 parvae5
1807 4017 1921 4092 sed
1972 4017 2311 4091 diuturnae
2356 4014 2401 4108 (
2425 4023 2648 4115 quale?-

471 4168 522 4207 ε
603 4144 706 4208 Os-
744 4147 1124 4223 Erhmoides.»
1485 4186 1490 4191 ·
1816 4200 1829 4235 ³
1916 4222 1979 4297 C

2023 4252 2060 4299 C
