3593 5087
737 414 906 496 'AB
1006 402 1903 497 Immunem
1961 409 2217 487 oSA.
2474 419 2622 510 ‚199

1018 735 1630 816 CAPUT
1804 737 1983 815 111.

545 917 550 922 ⁴
1195 916 1290 997 D
1316 940 1365 998 E
1430 913 1509 994 T
1521 938 1578 994 U
1605 939 1646 993 s
1669 941 1710 995 s
1731 939 1789 998 1.

378 1080 561 1156 OBS.
593 1083 737 1156 XL.
767 1092 927 1253 R
957 1087 1356 1158 Everendum
1401 1088 1668 1157 Patrem
1701 1084 2050 1152 societatis
2089 1040 2480 1175 ῙΕΓυΒεὶρ,
2514 1085 2627 1152 lit-

964 1189 1213 1253 terariae
1262 1189 1702 1277 gubernacula
1760 1206 2062 1251 tenentem
2090 1183 2334 1277 hyemes
2387 1186 2626 1249 circiter

377 1283 568 1351 decem
612 1279 918 1350 habimus
957 1283 1132 1377 tuſjis
1155 1337 1177 1371 ‚
1229 1311 1420 1378 eaque
1446 1283 1774 1376 trimestris
1805 1331 1826 1365 ‚
1883 1288 1986 1354 νεὶ
2021 1283 2212 1348 etiam
2237 1281 2627 1370 pertinacior

376 1381 654 1448 exercuit
682 1427 711 1458 ,
761 1373 833 1449 ό
864 1385 935 1446 de
984 1385 1085 1449 die
1113 1382 1539 1479 molestiffi'ma
1565 1432 1586 1464 ,
1626 1379 1739 1464 sed
1782 1382 1854 1447 de
1897 1376 2071 1446 ηοᾶε
2116 1381 2421 1446 inductas
2462 1402 2630 1471 prae-

372 1481 571 1555 bens,
625 1478 1168 1574 eaquefebriculd
1218 1485 1529 1548 comitata
1563 1474 1636 1547 ό·
1694 1478 2055 1573 aliquando
2117 1478 2639 1572 inflammatione

373 1577 809 1667 gargareonis
837 1630 859 1663 ,
894 1581 1111 1669 palati
1146 1575 1220 1649 ό·
1261 1581 1733 1670 glandularum
1762 1579 1920 1646 oris.

471 1671 821 1771 Principio
861 1676 1076 1773 igitur
1099 1689 1126 1720 ⁸
1163 1672 1341 1748 tuffis
1383 1674 1479 1746 est
1510 1674 1918 1775 depravatus
1971 1696 2195 1745 motus
2229 1696 2487 1746 naturae
2515 1671 2628 1744 seu
2695 1695 2980 1757 ramoque.

375 1769 718 1842 facultatis
739 1825 762 1858 ,
809 1773 1087 1871 ejusque
1137 1776 1449 1847 animalis
1475 1774 1720 1874 asperae
1744 1774 2007 1844 arteriae
2034 1825 2059 1860 ‚
2090 1799 2253 1844 nam
2277 1797 2354 1844 ut
2386 1771 2629 1843 docui-

374 1896 520 1942 mus
555 1872 626 1941 in
681 1869 964 1966 physicis
1004 1926 1026 1960 ,
1083 1874 1315 1974 aspera
1350 1877 1594 1945 arteria
1641 1896 1956 1944 movetur
2004 1894 2195 1941 motu
2249 1871 2534 1941 animali
2585 1872 2627 1946 ὅ.

374 1965 761 2051 musculofis
792 1970 1206 2064 quibusdam
1244 1971 1426 2043 fibris
1456 1973 1566 2043 seu
1600 1971 1857 2041 carneis
1884 1966 2223 2039 annulofis
2276 1969 2629 2064 cartilagi-

373 2065 572 2139 nibus
603 2067 865 2140 insertis
894 2100 908 2137 ε
947 2068 1039 2139 est
1066 2072 1352 2167 inquam
1379 2092 1603 2141 motus
1632 2091 1887 2139 naturae
1909 2064 2022 2135 sed
2056 2068 2330 2136 irritatae
2360 2067 2400 2135 “a
2426 2065 2632 2137 caus&

370 2164 776 2252 morbifica,
852 2165 1103 2239 scilicet
1168 2170 1500 2266 expiratio
1547 2166 1851 2237 conferta
1889 2190 1969 2234 ac
2021 2163 2436 2234 vehemens:
2501 2160 2635 2236 five

373 2258 757 2333 exsufflatio
793 2267 1091 2335 naturali
1128 2254 1427 2336 crebrio'f
1476 2271 1545 2338 δε
1592 2266 1814 2351 major
1836 2315 1860 2350 ,
1920 2286 2001 2331 ac
2033 2259 2275 2332 sonora
2301 2314 2323 2348 ‚
2370 2261 2443 2330 in
2491 2264 2635 2356 qua
2660 2269 2678 2285 ‘

374 2358 716 2432 bronchia
748 2362 1161 2462 pulmonum
1183 2361 1315 2434 sese
1343 2361 1731 2435 inordinate
1760 2368 2097 2461 &praeter
2124 2381 2439 2430 naturam
2468 2386 2632 2432 con-
2684 2407 2693 2410 ψ

367 2458 696 2547 trahunt,
747 2452 1113 2558 aeremque
1143 2463 1473 2535 violenter
1514 2460 1851 2548 reddunt,
1907 2463 1978 2531 &
2009 2457 2103 2529 ad
2127 2460 2487 2558 laqngem
2508 2463 2633 2531 eli-

369 2556 552 2629 dunt
578 2583 712 2629 non
739 2555 875 2630 fine
927 2560 1346 2634 concuffione
1388 2560 1697 2656 quadam
1736 2559 2021 2660 repetita
2047 2611 2071 2646 ,
2120 2584 2632 2654 quemmotum

366 2655 664 2747 adjuvat
710 2658 1108 2757 compreffio
1157 2661 1498 2746 thoracisx,
1531 2676 1560 2722 b
1591 2685 1733 2755 quo
1769 2680 1969 2728 motu
2007 2659 2171 2729 alias
2199 2659 2531 2756 plurimus
2560 2657 2634 2729 fi-

368 2757 574 2843 mul,
623 2757 1111 2853 celerrimeque
1164 2759 1339 2830 latus
1392 2759 1664 2857 spiritus
1719 2757 1838 2829 suo
1873 2760 2139 2854 impetu
2188 2758 2483 2827 extrudit
2527 2779 2633 2825 at-

369 2856 515 2950 que
589 2854 895 2954 explodit
955 2880 1405 2952 quaecumque
1463 2857 1605 2927 vias
1667 2854 1930 2953 spiritus
1970 2851 2329 2937 obstruunt
2370 2860 2441 2927 δε
2502 2854 2635 2923 im-

371 2951 692 3052 pediunt.
1499 2982 1504 2985 ·
2116 2965 2120 2970 ’

480 3048 785 3120 Causam
809 3073 1040 3121 autem
1079 3050 1459 3122 irritantem
1493 3050 1646 3122 satis
1670 3050 1927 3122 indicat
1961 3050 2276 3123 conditio
2301 3047 2480 3123 tuffis
2508 3050 2633 3124 hu·
2699 3066 2843 3118 eaur-
2882 3070 2988 3119 im.

375 3145 616 3222 mida:
650 3174 812 3218 nam
827 3149 908 3218 ea
936 3148 1085 3220 tuffi
1107 3152 1381 3239 rejicere
1407 3171 1522 3249 per
1539 3174 1613 3219 os
1645 3150 1988 3223 consuevit
2008 3152 2297 3223 multam
2328 3176 2582 3247 aquam
2609 3208 2633 3245 ‚
2664 3128 2857 3232 ζῗζξζῗ
2878 3145 2989 3235 ‘0⁰3‘

373 3273 676 3342 eamque
734 3250 956 3347 magis
985 3250 1287 3321 minusve
1337 3250 1593 3319 lentam
1623 3299 1647 3335 ,
1696 3272 1820 3344 pro
1848 3270 2232 3345 temporum
2274 3250 2496 3323 morbi
2526 3252 2632 3322 di·
2669 3248 2815 3302 ΔΨ·

377 3344 733 3437 γετΐιῑαῑεε
772 3349 966 3443 atqui
997 3350 1162 3445 quia
1205 3347 1543 3435 ejusmodi
1584 3372 1764 3442 aqua
1812 3370 1949 3418 non
1980 3344 2100 3417 nisi
2127 3349 2358 3449 saepius
2389 3352 2639 3423 ‘iterata
2873 3346 2887 3360 ⁸

387 3442 816 3516 concuffione
867 3453 936 3519 δε
985 3447 1403 3545 expiratione
1463 3446 1844 3520 vehementi
1878 3448 2249 3521 excernitur
2276 3502 2301 3537 ‚
2348 3473 2637 3543 arguere

381 3536 489 3611 est
537 3564 689 3611 eam
721 3569 800 3614 ex
840 3542 992 3643 ipfis
1032 3544 1377 3617 bronchiis
1427 3547 1534 3619 vel
1608 3546 1921 3618 extremis
1955 3600 1980 3635 ‚
2031 3572 2169 3617 non
2225 3574 2306 3618 ex
2356 3547 2495 3616 solo
2537 3547 2639 3621 la·.

369 3663 617 3737 ⁴rynge
663 3641 771 3712 seu
821 3644 1041 3740 capite
1098 3641 1577 3717 bronchiorum
1638 3671 1896 3743 aquam
1946 3644 2302 3718 molestam
2359 3645 2634 3735 excuti,

375 3737 789 3837 sursumque
829 3742 1052 3813 attolli
1099 3793 1121 3828 ‚
1187 3748 1257 3816 δε
1304 3746 1374 3815 in
1421 3744 1647 3816 fauces
1702 3745 2063 3816 ascendere
2092 3798 2116 3831 ,
2170 3769 2253 3813 ex
2286 3765 2427 3836 quo
2450 3744 2637 3819 illius

379 3832 647 3911 fontem
679 3839 1300 3941 seu'scaturiginem
1353 3829 1635 3917 veseffe
1688 3845 2090 3944 pulmonem
2126 3838 2238 3910 seu
2284 3839 2438 3915 vasa
2476 3846 2639 3943 pul-

384 3957 590 4008 mone
622 3941 943 4012 inferiora
967 3994 991 4030 ,
1032 3967 1184 4039 quae
1233 3943 1307 4014 in
1353 3945 1759 4043 pulmonem
1799 3944 2102 4042 aqueum
2134 3938 2496 4047 humorem
2524 3969 2637 4033 teo:

468 4079 508 4118 ι
587 4059 727 4121 Gal.
776 4062 876 4122 lib.
934 4076 989 4121 2.
1028 4061 1104 4123 de
1137 4060 1347 4143 sympt.

475 4138 519 4207 b
602 4137 746 4207 Gal.
802 4138 907 4205 lib.
958 4157 1012 4223 ¹:
1058 4139 1133 4221 de
1192 4138 1404 4224 sympt.
1453 4155 1582 4219 cap·
1625 4155 1682 4210 4·
