3593 5087
435 3621 520 3710 0

570 2078 732 2134 Neque
756 2092 894 2137 vapo-
930 2104 942 2118 -

566 2135 656 2186 tofi
684 2152 697 2183 z

914 392 1059 491 358
1166 377 1574 461 MORBI
1622 355 2155 461 VENTRI'S
2222 325 2929 462 INFERIOnI's

909 542 985 602 ut
1033 541 1169 586 non
1207 515 1358 586 vere
1384 515 1559 587 dura
1599 513 1713 585 sed
1773 514 1999 613 potius
2042 509 2193 580 laxa
2224 511 2407 582 taetu
2456 509 2850 599 judicentur
2878 539 2928 592 ,·
2957 542 3170 590 mate·

908 617 1085 685 riam
1121 614 1520 703 adjun&am
1573 620 1643 687 &
1694 611 2247 684 tumefacientem
2289 609 2451 680 inde
2501 634 2794 710 arguere
2840 611 2932 683 est
2966 643 3158 688 com-

907 713 1240 814 pressilem
1280 711 1411 785 effe
1436 721 1507 787 &
1551 712 1842 784 ceffilem
1880 766 1900 799 ,
1946 711 2168 806 qualis
2216 708 2312 780 est
2348 733 2545 808 aquae
2574 762 2599 798 ,
2648 735 2804 804 quae
2829 711 3026 787 facile
3051 744 3162 790 ce-

907 813 1012 884 dit
1061 839 1354 909 moxque
1386 810 1607 883 refluit
1634 865 1657 898 ,
1719 836 1859 882 non
1903 835 2131 886 autem
2156 807 2407 878 duram
2439 861 2464 896 ,
2514 813 2739 905 qualis
2772 836 3037 885 terrena
3069 818 3161 890 est

909 919 980 986 δε
1026 915 1226 984 limus
1281 917 1420 999 jam
1466 913 1505 982 a
1538 909 1673 983 sole
1711 910 2068 982 induratus
2097 908 2391 980 resoluto
2410 909 2668 1006 magna
2702 936 2783 982 ex
2818 935 3013 1008 parte
3048 917 3172 988 hu·-

904 1037 1097 1084 more
1140 1037 1338 1082 antea
1402 1007 1737 1081 imbibito.
1788 1007 1977 1097 Quia
2031 1032 2349 1107 praeterea
2407 1031 2708 1081 tumores
2769 1010 2881 1082 isti
2936 1012 3171 1111 sponte

905 1108 1246 1184 subsident
1272 1164 1295 1197 ,
1339 1116 1410 1184 &
1459 1107 1593 1181 fine
1631 1107 1819 1181 sensu
1852 1162 1874 1195 ‚
1924 1110 2157 1204 itaque
2214 1106 2506 1205 perfeffle
2556 1109 2987 1206 quandoque
3019 1105 3173 1201 ‚ut

908 1212 1158 1283 nativae
1199 1208 1669 1309 magnitudini
1702 1209 2157 1303 mollitieique
2180 1205 2502 1300 aequabili
2535 1206 2836 1281 restituta
2866 1209 2987 1281 fibi
3018 1238 3171 1310 pars

907 1308 1224 1383 videatur
1243 1362 1266 1395 ,
1308 1306 1424 1380 etsi
1461 1310 1627 1379 ali‘as
1655 1306 1943 1406 superest
1968 1307 2327 1378 renitentia
2347 1311 2417 1379 ὅ(
2448 1305 2732 1378 durities
2759 1360 2784 1394 ‚
2834 1315 3172 1398 conjicere

910 1407 1007 1480 est
1040 1408 1354 1479 additam
1401 1408 1596 1478 illam
1630 1404 2070 1478 substantiam
2116 1403 2428 1505 perfectae
2453 1404 2873 1488 resolutionis
2900 1405 3033 1482 esse
3056 1437 3170 1482 ca-

910 1533 1155 1607 pacem
1178 1505 1461 1579 omnino
1493 1559 1518 1592 ,
1576 1529 1731 1600 quae
1773 1507 1947 1576 nihil
1980 1506 2227 1576 terreni
2278 1500 2702 1575 craffamenti
2744 1532 2829 1577 ex
2874 1506 2939 1578 se
2971 1511 3171 1580 relin-

913 1632 1085 1702 quat
1109 1661 1134 1696 ,
1208 1631 1326 1678 aut
1350 1605 1526 1676 certe
1575 1605 1879 1675 maxima
1928 1631 2009 1676 ex
2033 1627 2225 1703 parte
2262 1602 2506 1676 resolvi
2546 1602 2740 1703 possit
2767 1659 2793 1692 ,
2846 1631 3004 1702 quae
3034 1612 3171 1681 exi-

913 1731 1135 1804 guum
1189 1703 1536 1800 quiddam
1606 1704 2030 1775 resolutionis
2092 1703 2452 1801 impatiens
2502 1704 2897 1799 relinquat,
2948 1711 3173 1802 qualis

913 1806 1072 1877 sane
1095 1804 1459 1878 substantia
1480 1801 1575 1874 est
1594 1826 1712 1874 aut
1741 1802 2077 1903 vaporosa
2100 1799 2386 1873 omnino
2405 1853 2430 1887 ,
2462 1826 2580 1874 aut
2602 1828 2823 1899 aquea
2852 1801 3128 1905 simplex
3144 1863 3171 1898 ,

917 1928 1034 1976 aut
1066 1906 1180 1977 cui
1207 1929 1551 1976 terrenum
1576 1900 1943 1998 quoddam
1969 1896 2487 1973 crassamentum
2529 1901 2734 1974 fuerit
2765 1902 3173 1978 admixtum.

1022 2002 1153 2075 Sed
1190 2005 1375 2073 enim
1410 2004 1577 2099 quia
1624 1997 1670 2070 si
1713 2000 1916 2073 detur
1951 1996 2082 2072 effe
2105 1997 2509 2099 vaporosam
2536 2053 2558 2086 ‚
2609 2027 2764 2079 eam
2790 1999 3049 2076 neceffe
3078 2007 3169 2077 est

926 2100 1069 2202 ipsa
1109 2106 1178 2174 in
1272 2125 1415 2174 arte
1449 2098 1822 2174 tumefaffi
1872 2103 2180 2198 genitam
2201 2093 2394 2170 fuisse
2430 2097 2479 2189 ζ
2516 2126 2679 2173 nam
2711 2127 2830 2199 per
2871 2104 3031 2175 vasa
3057 2130 3173 2175 an-

923 2202 1125 2301 gusta
1189 2228 1231 2272 o
1283 2200 1468 2297 lique
1517 2198 1989 2272 intestinorum
2039 2199 2310 2297 corpori
2358 2196 2601 2268 inserta
2669 2199 3179 2297 oscillaqueeo·

921 2328 1078 2374 rum
1113 2302 1316 2400 longe
1352 2297 1819 2399 angustissima
1871 2297 2090 2371 craffis
2121 2294 2565 2370 eir-intestinis
2591 2350 2616 2385 ,
2650 2297 2803 2369 sunt
2831 2305 3019 2372 enim
3063 2299 3179 2375 fla-

918 2423 1120 2473 tuum
1144 2401 1632 2499 conceptacula
1663 2451 1688 2486 ,
1734 2395 1930 2469 flatus
1961 2396 2179 2469 subire
2202 2394 2436 2496 sponte
2464 2446 2489 2482 ,
2538 2420 2657 2468 aut
2692 2421 2774 2470 ex
2806 2399 2830 2469 i
2883 2397 2962 2473 sis
2982 2401 3179 2474 intes-

919 2501 1078 2571 tinis
1103 2496 1294 2595 quafi
1320 2499 1527 2593 exugi
1555 2498 1915 2591 trajicique
1934 2520 2153 2662 1porro
2178 2519 2258 2566 ac
2284 2493 2535 2566 deferri
2573 2521 2691 2595 per
2715 2425 3172 2574 εηίξᾶᾶυοῑος

783 2649 794 2660 .
876 2680 882 2686 ,
921 2597 1238 2669 vasorum
1285 2592 1462 2666 smus
1489 2597 1562 2664 in
1599 2594 1853 2666 vlscera
1881 2618 2092 2705 uque
2131 2591 2583 2694 improbabile
2621 2594 2718 2665 est
2747 2648 2772 2682 ‚
2830 2624 2916 2668 ne
2945 2599 3177 2675 dicam

919 2691 1120 2766 dielu
1169 2692 1541 2765 ridiculum
1566 2692 1611 2784 )
1638 2694 1838 2792 gigni
1866 2744 1891 2778 ,
1928 2717 2218 2789 mquam
2246 2742 2275 2774 ,
2303 2694 2707 2791 vaporosam
2736 2694 3176 2771 substantiam

923 2794 997 2864 in
1039 2793 1289 2869 viscere
1313 2820 1393 2865 ex
1428 2790 1726 2881 subjecta
1764 2792 2007 2887 aliqua
2046 2793 2331 2865 materia
2370 2816 2677 2889 oportet,
2718 2800 3007 2870 materia
3055 2825 3180 2871 au·

923 2915 1066 2965 tem
1110 2896 1381 2994 vaporis
1411 2891 1508 2963 est
1542 2892 1807 2992 prorsus
1835 2916 2054 2986 aquea
2082 2945 2107 2980 ,
2167 2916 2244 2973 ut
2295 2891 2557 2975 constat
2584 2918 2666 2964 ex
2695 2892 2983 2993 physicis
3014 2950 3039 2985 ,
3080 2925 3182 2971 re-

922 2992 1201 3065 solvitur
1230 2989 1533 3091 profesto
1555 2991 1924 3063 materialis
1947 2989 2147 3063 causa
2176 2992 2399 3065 omnis
2424 2990 2926 3093 propositorum
2954 3022 3176 3070 tumo-

923 3115 1082 3164 rum
1122 3090 1404 3162 tandem
1438 3090 1509 3159 in
1549 3116 1895 3186 aqueam..
3046 3128 3049 3131 “

1024 3188 1229 3262 Certe
1271 3211 1348 3258 ut
1388 3212 1530 3258 non
1555 3186 1849 3262 diffitear
1877 3185 2010 3263 five
2028 3187 2184 3263 vasa
2202 3242 2225 3278 ,
2265 3185 2397 3263 five
2423 3188 2678 3265 viscera
2699 3190 3171 3291 turgereipofl‘e

929 3286 1213 3387 spiritali
1240 3291 1312 3360 ὅ(
1336 3287 1716 3387 caliginosa
1739 3289 2119 3386 aliquando
2139 3290 2426 3360 materia
2451 3341 2476 3374 ,
2523 3292 2625 3365 uti
2657 3291 2909 3364 censuit
2923 3291 3175 3365 Dodus

926 3393 1119 3459 Coae.
1145 3390 1451 3497 intypres
1480 3394 1667 3460 modo*
1696 3394 1942 3461 citatus
1984 3442 2007 3475 ,
2072 3390 2144 3459 in
2171 3390 2253 3461 ea
2281 3413 2510 3461 tamen
2539 3387 2684 3461 sum
2710 3388 2934 3463 haeresi
2955 3392 3182 3482 hujus-

925 3486 1126 3559 modi
1168 3510 1493 3588 vaporem
1533 3488 1704 3557 nihil
1733 3487 1928 3561 aliud
1979 3482 2110 3557 esse
2140 3538 2164 3572 ‚
2212 3488 2424 3584 quam
2470 3485 2691 3560 serum
2740 3486 2873 3563 sive
2925 3516 3180 3588 aquam

927 3586 1002 3657 in
1049 3581 1259 3657 massa
1324 3585 1671 3682 sanguinis
1713 3587 1822 3656 vel
1867 3586 2070 3677 chylo
2109 3587 2461 3659 confusam
2493 3639 2518 3674 ,
2585 3590 2810 3659 calore
2869 3615 3177 3664 attenua·

929 3707 1074 3755 tam
1117 3692 1189 3761 δε
1239 3707 1568 3783 concepto
1637 3685 1975 3781 agitatam
2040 3683 2302 3756 fervore
2356 3686 2546 3783 quod
2602 3685 3063 3789 Philosophiae
3108 3697 3185 3764 δε

579 3792 665 3849 sed
716 3779 1328 3880 aquonsapientum
1366 3783 1708 3856 consensui
1757 3779 2043 3853 omnino
2097 3783 2620 3858 consentaneum
2661 3786 2776 3859 est.
2821 3794 3041 3884 Itaque
3065 3812 3178 3858 tu·

935 3906 1140 3952 mores
1212 3886 1319 3978 asti
1361 3886 1524 3955 laxi·
1566 3880 1875 3975 viscerum
1891 3880 2322 3973 suboriuntur
2361 3913 2476 3980 per
2524 3887 2828 3981 accffsm
2884 3887 3174 3957 humoris

937 3981 1127 4075 aquei
1157 4081 1172 4094 ο
1191 3981 1314 4075 sese
1367 3988 1442 4060 in
1498 3986 1800 4063 intimius
1843 3986 2058 4066 eo‘rum
2097 4011 2332 4085 corpus
2359 3985 2509 4083 five
2550 3987 2986 4094 patena-hymn
3028 3982 3170 4076 ifi

936 4102 1231 4170 nunnus,
