3593 5087
828 435 904 521 'A
1034 438 1706 521 PRoLuvxr:
1806 436 2305 517 sunosA.
2536 444 2688 541 ‘32'5

392 655 397 660 ,
431 571 567 650 lien
606 574 832 675 petius
897 571 1156 642 crimen
1199 565 1598 669 nephritidis
1640 564 1958 638 susttinet.
2006 563 2223 654 Quod
2253 567 2691 642 confirmabit

436 673 591 748 situs
634 668 1039 771 nephritidis
1121 668 1425 740 alterutri
1484 666 1957 764 hypocondrio
2008 665 2472 765 respondentis
2517 724 2541 758 ,
2617 678 2696 744 &

445 774 758 844 cumulus
800 770 1217 865 reliquorum
1265 765 1613 864 signorum
1677 767 2144 864 intemperiem
2183 765 2509 865 cujusque
2561 768 2693 840 vis-

444 873 611 943 ceris
646 866 908 941 seorsim
937 865 1567 939 demonstrantium.

553 965 901 1040 Postremo
939 961 1098 1037 clim
1179 964 1509 1064 raescripta
1551 963 1771 1037 viilus
1816 966 1988 1036 ratio
2020 988 2166 1037 toto
2206 967 2361 1037 vitae
2390 990 2697 1065 tempore
2755 976 3058 1045 Puteum·-

445 1064 526 1139 fit
557 1066 865 1140 accurate
908 1090 1106 1137 tenen
1164 1090 1203 1133 a
1221 1117 1245 1151 ‚
1296 1064 1618 1163 purgatio
1647 1088 1878 1136 tamen
1901 1063 2215 1135 solemnis
2247 1064 2424 1137 Vere
2454 1072 2524 1140 ὅς
2545 1066 2699 1139 Au·
2737 1041 2903 1088 “mm
2927 1066 2950 1092 '

449 1189 694 1237 tumno
748 1167 1004 1236 utiliter
1049 1165 1122 1233 in
1160 1163 1356 1235 usum
1393 1164 1663 1248 veniet,
1704 1162 1907 1234 semel
1947 1164 2233 1258 quidem
2275 1164 2507 1236 medio
2534 1191 2698 1237 tem·

504 1290 622 1336 ore
653 1288 946 1359 utroque
983 1264 1054 1332 in
1090 1264 1168 1332 iis
1200 1262 1323 1356 qui
1352 1263 1707 1332 retinentes
1732 1261 1884 1333 sunt
1936 1256 2155 1334 di'aetae
2185 1287 2516 1335 accuratae
2536 1318 2560 1352 ,
2587 1265 2704 1337 sed

449 1292 557 1439 Eis
598 1364 868 1433 ineunte
913 1361 1161 1432 scilicet
1192 1366 1262 1434 δε
1308 1365 1450 1447 jam
1492 1361 1834 1459 praecipiti
1880 1358 2012 1432 five
2068 1362 2243 1434 Vere
2282 1414 2306 1448 ,
2369 1359 2500 1434 five
2555 1363 2705 1436 Au-

448 1486 699 1536 tumno
733 1463 803 1531 in
818 1459 980 1532 abis
1000 1512 1024 1546 ,
1073 1461 1196 1555 qui
1230 1459 1467 1554 susque
1502 1458 1772 1553 deque,
1825 1486 2046 1555 neque
2087 1488 2165 1534 ex
2210 1459 2475 1559 legibus
2510 1463 2706 1560 praes-
2747 1497 2790 1544 ε.
2831 1494 3070 1543 mmm.

449 1561 688 1661 criptis
732 1562 1014 1633 vivunt:
1060 1557 1205 1630 imo
1274 1559 1438 1631 utile
1479 1556 1574 1630 est
1617 1559 1697 1629 iis
1744 1561 1928 1630 circa
1993 1563 2349 1633 novilunia
2383 1550 2707 1659 cujusque
2753 1553 3058 1606 ¹¹²“¹¹“'”‘“‘

2746 1627 2840 1662 tum
2857 1624 2946 1666 quo
2960 1621 3076 1652 tem·

449 1664 639 1735 lunae
711 1657 945 1730 saltem
990 1660 1337 1730 minorans
1381 1657 1959 1730 medicamentum
2022 1661 2336 1734 exhibere
2402 1662 2709 1735 eluendae
2751 1669 2926 1736 rotffifl
2946 1670 3072 1714 Μ’·

450 1760 716 1834 scilicet
765 1758 1176 1859 impuritatis
1226 1758 1267 1830 *a
1307 1743 1622 1831 liberiore
1665 1759 1810 1832 vita
1851 1755 2218 1831 neceffario
2253 1757 2718 1837 succrescentis
2751 1738 2958 1777 '‘⁸⁸⁸⁹‘'

456 1880 711 1960 gratia.

567 1956 893 2031 Ichorum
920 1956 1133 2053 igitur
1172 1953 1618 2052 synathrismo
1646 1954 1824 2028 hisce
1870 1954 2129 2029 artibus
2179 1961 2515 2048 coercito,
2564 1990 2722 2036 mo·-

463 2081 687 2153 tuque
728 2054 820 2125 ad
853 2080 1037 2126 renes
1064 2080 1302 2126 eorum
1333 2051 1526 2125 simul
1549 2079 1867 2127 revocato
1885 2057 1959 2126 in
1984 2059 2217 2129 alvum
2240 2112 2264 2144 ,
2322 2059 2496 2153 quid
2522 2061 2721 2133 aliud

468 2157 679 2230 restat
721 2152 813 2223 ad
852 2152 1097 2223 calc-uli
1139 2156 1499 2224 materiam
1528 2152 1973 2226 avertendam
1993 2207 2019 2241 ‚
2070 2154 2193 2226 nisi
2221 2182 2292 2227 ut
2314 2158 2724 2251 qui’ichores

464 2259 624 2342 jam
664 2275 853 2322 renes
904 2250 1246 2337 invasere,
1287 2249 1650 2323 abluantur
1679 2252 2073 2340 confestim,
2115 2252 2725 2354 absterganturque

468 2355 514 2428 a
570 2347 838 2424 renibus
874 2400 895 2434 ,
954 2354 1027 2421 ὅς
1078 2349 1528 2422 excludantur
1569 2377 1752 2423 extra
1808 2377 2051 2451 corpus
2092 2377 2167 2425 ut
2222 2353 2573 2428 exsiccatio
2619 2360 2726 2428 in·
2979 2347 2986 2357 ⁸
3077 2405 3140 2436 ,χ

466 2451 893 2546 duratioque
934 2474 1173 2518 eorum
1216 2452 1289 2521 in
1322 2443 1662 2521 calculum
1709 2452 2145 2551 impediatur.
2176 2451 2331 2526 Hoc
2373 2453 2530 2526 sane
2560 2482 2727 2530 con·
2777 2479 3086 2545 4.naumr‹·

469 2553 835 2649 sequemur
866 2546 1065 2619 facil'e
1116 2548 1233 2620 usu
1275 2550 1863 2643 diureeicorumfid
1885 2554 2257 2623 lenientium
2282 2607 2307 2642 ,
2364 2551 2439 2627 ό·
2480 2556 2726 2631 ichores
2763 2545 3088 2595 “mbmm‘

469 2654 898 2726 abluentium.
932 2645 1171 2744 ltaque
1213 2647 1321 2719 hic
1348 2648 1739 2749 usurpanda
1775 2652 2055 2746 juscula
2103 2656 2412 2726 lenieneia
2436 2708 2457 2742 ,
2481 2656 2729 2754 [yrupi

470 2755 551 2823 de
591 2748 955 2846 liquiritid,
1000 2750 1234 2839 capilli
1264 2752 1510 2819 veneris
1539 2797 1568 2827 ,
1620 2748 1926 2837 consentu
1952 2755 2250 2821 betonicoe
2273 2805 2299 2839 ,
2347 2751 2422 2823 6
2459 2781 2594 2849 quoe
2638 2757 2733 2827 ad

476 2848 911 2937 exclusionem
938 2850 1185 2915 calculi
1229 2846 1535 2934 friabilis
1576 2854 1725 2915 anee'
1758 2851 2200 2919 commendata
2236 2901 2258 2935 ‚
2309 2847 2384 2919 6
2427 2853 2731 2943 inprimis

479 2948 867 3018 exercitatio
897 2946 1184 3035 corporis
1240 2968 1633 3039 quocumque
1684 2947 1870 3015 modo
1917 2956 2226 3031 exculta,
2288 2972 2441 3043 quae
2477 2947 2522 3020 fi
2557 2948 2734 3045 quid

479 3043 684 3121 aliud
719 3046 789 3114 in
827 3040 1096 3113 renibus
1153 3042 1613 3141 expurgandis
1677 3070 2011 3142 magnum
2051 3072 2477 3120 momentum
2528 3048 2736 3122 habet

487 3146 684 3239 juxta
721 3142 1081 3240 vulgarem
1109 3141 1300 3212 illam
1328 3142 1739 3239 paroemiam
1768 3175 1783 3213 :
1829 3153 1995 3240 allq
2023 3174 2096 3216 en
2123 3155 2192 3217 la
2221 3149 2471 3220 Beauce
2502 3146 2574 3222 ό·
2591 3176 2736 3246 pre-

484 3271 605 3342 m(
632 3269 753 3316 une
784 3245 911 3314 Pte
933 3243 977 3312 ei
1005 3247 1077 3311 la
1098 3236 1281 3331 couse
1303 3293 1327 3327 ‚
1371 3238 1446 3310 6
1484 3266 1651 3313 vous
1673 3243 1940 3340 n'aurez
1946 3247 2208 3340 jamnis
2227 3254 2297 3318 la
2313 3252 2542 3341 pierre.

598 3343 818 3437 Atqui
858 3366 933 3413 ut
957 3339 1053 3411 ad
1088 3345 1392 3410 Alterum
1420 3343 1691 3433 Scopum
1724 3345 2204 3416 Proecaueionis
2226 3352 2628 3434 veniamus,
2670 3350 2744 3417 in
2781 3365 3098 3419 natatem·

496 3444 877 3532 corrigenda
901 3465 1123 3510 renum
1156 3441 1514 3531 intemperie
1541 3437 1669 3529 siu
1717 3441 1914 3531 causei
1968 3442 2266 3543 efficiente
2280 3447 2491 3536 strum
2515 3500 2542 3533 ‚
2578 3449 2742 3534 ejus·
2780 3425 3049 3531 ξζῖῗῗέῗέη

495 3540 681 3615 cert'e
733 3536 1161 3637 providentia
1225 3561 1481 3633 magna
1545 3536 1779 3611 haberi
1829 3539 2028 3614 debet
2058 3575 2078 3614 ι
2124 3545 2521 3619 incredibile
2560 3547 2742 3618 enim
2779 3542 2887 3643 {⁸⁸¹}
2954 3542 3098 3651 ‘¹⁵32

494 3639 696 3714 dictu
725 3635 821 3707 est
853 3636 1062 3731 quam
1086 3635 1269 3709 brevi
1303 3637 1572 3710 saburra
1617 3640 1931 3712 ichorum
1973 3642 2387 3715 viscidorum
2442 3652 2513 3718 &
2568 3648 2743 3718 cras-
2782 3615 3024 3716 tii-5⁶⁰⁰.

485 3737 931 3817 {iusculorum
950 3733 994 3805 fi
1015 3735 1401 3835 angustiam
1426 3764 1665 3812 renum
1689 3764 1830 3810 non
1856 3742 2035 3810 alico
2063 3743 2323 3837 superet
2343 3797 2371 3833 ‚
2400 3745 2514 3817 sed
2535 3772 2741 3820 cunc—

488 3863 718 3925 tetur,
764 3837 834 3907 in
871 3837 1137 3934 lapillos
1195 3836 1575 3910 concrescat
1624 3837 1711 3909 ab
1755 3838 2155 3929 hujusmodi
2196 3841 2590 3945 intemperie
2627 3874 2742 3920 ex·-

497 3936 746 4012 ficcatfi
792 3941 862 4010 &
905 3936 1316 4009 humiditate
1368 3935 1707 4008 exhausta.
1768 3937 1971 4012 Certe
2019 3962 2137 4010 aut
2193 3966 2302 4013 me
2336 3949 2739 4043 experientia

488 4037 679 4110 fallit
715 4087 739 4119 ‚
800 4060 919 4111 aut
958 4058 1131 4111 unus
1180 4035 1327 4110 dies
1361 4035 1690 4108 naturalis
1732 4060 1890 4112 eam
1943 4043 2442 4120 concretionem
2476 4046 2750 4127 adferre

487 4129 736 4233 potest.
