3593 5087
1773 275 1872 302 ⁸*d-eu

811 424 963 501 'AB
1080 420 1635 506 ILLUVIE
1733 420 2235 501 SEROSA·.
2493 426 2639 518 185

397 563 573 617 extra
613 545 886 648 culpam
937 545 1065 620 effe
1101 552 1415 645 quamvis
1451 548 1806 622 ambientis
1856 552 2363 622 inclementiam
2390 602 2414 636 ‚
2460 575 2634 646 qua·
2659 603 2756 648 q„
2796 589 2986 646 mffimg

401 645 478 715 lis
536 646 836 720 saeviente
874 648 1083 718 borea
1135 656 1205 721 ὅ(
1272 649 1453 719 coelo
1501 651 1819 747 ningente
1851 702 1872 734 ,
1923 675 2040 720 aut
2115 648 2349 721 contra
2409 649 2635 720 austro
2662 647 2869 754 {⁸¹2⁰st
2908 663 2984 697 ‘¹‘

401 739 598 828 flante
661 771 780 843 per
835 745 1126 820 summos
1157 745 1289 817 sirii
1322 745 1597 818 ardores
1624 801 1646 835 ,
1707 773 1855 819 tum
1888 773 2172 846 pravum
2217 752 2287 820 δε
2328 745 2639 843 pestilens
2827 736 2847 762 '

401 841 703 927 ejusdem
739 847 1088 942 ingenium
1120 873 1139 921 3
1192 845 1307 915 sed
1351 851 1421 918 &
1443 870 1703 917 venena
1734 869 1989 917 naturae
2014 846 2325 917 humanae
2342 844 2584 916 infesta
2608 899 2634 935 ,

385 943 474 1012 ἃ
528 939 782 1037 spiritus
834 969 1066 1042 praeter
1134 967 1451 1015 naturam
1532 946 1891 1016 alterantia
1949 969 2068 1017 aut
2143 945 2350 1017 etiam
2418 948 2636 1017 extin-

379 1060 694 1133 ,guesstlan
2944 1091 2969 1120 x

490 1133 813 1210 Praeterea
836 1141 1002 1235 quia
1033 1140 1317 1240 syncope
1352 1194 1373 1226 ,
1409 1140 1499 1212 de
1524 1139 1663 1237 qua
1698 1141 1931 1238 agitur
1962 1194 1983 1227 ,
2012 1141 2395 1215 valentes&
2416 1142 2633 1215 athle-
2657 1173 2809 1229 neqve
2834 1159 2861 1205 ὃ
2883 1159 2987 1206 ube

393 1232 558 1305 ticos
601 1235 909 1310 homines
942 1239 1350 1336 aggreditur
1380 1264 1587 1333 atque
1610 1241 1971 1338 prosternit
1995 1291 2018 1325 ,
2072 1242 2139 1309 in
2174 1237 2421 1333 quibus
2446 1241 2631 1312 nulla
2660 1221 2984 1323 ζῖἒγζῖἷῖιῧξῖᾇ

395 1334 712 1406 mat-asini
749 1343 819 1409 δὲ
860 1337 1035 1408 tabis
1061 1391 1084 1425 ,
1139 1339 1326 1408 nulla
1365 1340 1880 1434 colliquamenti
1904 1391 1925 1423 ,
1968 1338 2160 1407 nulla
2209 1336 2300 1408 ad
2355 1339 2493 1410 haec
2529 1342 2631 1410 in·
2659 1333 2816 1445 3²:2³2
2883 1345 2991 1391 ⁹⁸⁸⁴

389 1428 594 1528 fignis
661 1434 1038 1532 putredinis
1094 1437 1203 1507 vel
1262 1434 1535 1508 summae
1589 1436 1915 1509 viscerum
1979 1437 2399 1535 intemperiei
2450 1436 2639 1535 signa

389 1553 717 1629 apparent
750 1583 774 1613 ,
831 1540 902 1607 &
936 1532 1096 1607 vero
1132 1534 1395 1605 summa
1418 1536 1670 1630 quaevis
1700 1536 2126 1633 intemperies
2166 1560 2305 1606 -non
2336 1533 2458 1606 nifi
2495 1539 2639 1607 sen-

388 1626 505 1699 fim
549 1631 860 1702 contrahi
891 1631 1107 1730 potest
1140 1685 1163 1719 ,
1209 1632 1544 1732 proposita
1571 1632 1728 1705 sane
1754 1633 2046 1732 syncope
2075 1632 2455 1707 solidarum
2478 1660 2638 1736 par-

385 1730 557 1801 tium
595 1730 766 1803 vitio
790 1732 1114 1829 imputari
1141 1756 1278 1802 non
1310 1733 1543 1832 potest.
2190 1822 2195 1828 Ι
2986 1826 2998 1834 .

481 1827 644 1916 Jam
676 1832 1103 1902 extinffionis
1136 1829 1493 1928 spirituum
1536 1830 1727 1903 nulla
1760 1833 2005 1926 ntique
2039 1828 2227 1902 adest
2252 1831 2513 1905 occasio
2530 1858 2636 1908 ex·
2675 1848 2835 1918 Neque
2855 1847 2984 1907 Ur?-

387 1948 576 1999 terna
618 1950 740 1999 aut
784 1929 1049 2016 interna
1080 1930 1152 1998 in
1186 1931 1266 1999 iis
1284 1982 1307 2016 ,
1351 1955 1526 2024 quos
1550 1931 1692 2001 haec
1736 1930 2025 2026 syncope
2054 1929 2258 2026 prope
2283 1958 2633 2008 momento
2660 1908 2985 2021 {ffliss'i'm‘i'ff

390 2050 625 2099 enecat
666 2079 689 2113 ,
744 2027 1072 2121 nullaque
1133 2027 1450 2123 praeceffit
1507 2025 1826 2098 sensibilis
1870 2029 2225 2099 evacuatio
2252 2079 2276 2113 ‚
2326 2027 2456 2101 five
2501 2029 2638 2103 hae-
2665 2024 2754 2069 α’·

387 2126 790 2221 morthagia
843 2125 1095 2197 aliusve
1143 2124 1492 2223 sanguinis
1526 2118 1810 2196 effluxus
1844 2177 1867 2210 ,
1910 2120 2044 2197 five
2081 2121 2430 2196 diarrhoea
2455 2179 2478 2212 ,
2523 2154 2644 2201 aut

382 2226 688 2294 vomitus
711 2223 1079 2294 humorum
1105 2245 1257 2312 toto
1278 2248 1528 2320 genere
1550 2248 1920 2321 pravorum
1948 2274 1972 2308 ‚
1999 2218 2406 2317 quibuscum
2433 2227 2642 2300 etiam

385 2317 662 2390 affatim
713 2317 978 2416 spiritus
1030 2314 1344 2402 diffluere
1372 2322 1584 2392 solent
1617 2375 1641 2409 ‚
1693 2321 1865 2392 nulli
1913 2323 2166 2418 pariter
2207 2321 2644 2398 immoderati

382 2420 695 2518 corporis
737 2415 999 2491 labores
1056 2415 1169 2492 vel'
1213 2421 1424 2490 aniffii
1462 2443 1686 2491 motus
1716 2472 1741 2505 ,
1814 2420 2013 2489 nurlae
2065 2417 2438 2516 praegreffae
2468 2427 2642 2522 vigi-

383 2514 533 2605 lite,
566 2542 688 2591 aut
704 2519 992 2592 acriores
1013 2517 1498 2591 sollicitudines
1515 2572 1538 2606 ,
1573 2518 1761 2591 nulla
1785 2516 2043 2604 inedia,
2074 2516 2406 2592 &similes
2423 2523 2637 2607 causae

378 2615 729 2693 evidentes
781 2624 855 2692 &
915 2641 1201 2689 externae
1233 2670 1255 2704 ,
1306 2619 1346 2689 a
1404 2616 1655 2714 quibus
1707 2614 1840 2688 fine
1894 2615 2078 2688 sensu
2132 2618 2398 2716 spiritus
2456 2647 2639 2694 exte-

378 2741 622 2796 runtur
661 2743 801 2789 non
830 2716 1306 2803 mediocriter,
1360 2741 1525 2788 rarae
1581 2716 1838 2814 quippe
1887 2716 2102 2788 causae
2145 2720 2216 2787 in
2250 2718 2639 2794 hominibus

377 2812 498 2887 sub
547 2813 856 2914 benigno
885 2814 1076 2903 Jovis
1131 2814 1364 2907 sydere
1401 2816 1576 2885 natis
1606 2866 1629 2899 ,
1690 2815 2036 2912 genioque
2089 2816 2364 2912 proprio
2413 2818 2642 2888 indul·

380 2911 755 3011 gentibus:
813 2938 935 2982 nec
970 2910 1134 2983 vero
1190 2909 1391 2981 febris
1436 2911 1677 2983 ardens
1704 2964 1728 2998 ‚
1773 2910 2086 2984 similisve
2139 2911 2409 2983 affee'tus
2453 2913 2642 3013 spiri-

378 3037 542 3084 tum
608 3008 876 3080 affatim
919 3032 1266 3080 conterens
1307 3004 1742 3108 praegreffus:
1804 3036 1925 3081 nec
1973 3009 2275 3107 denique
2340 3012 2639 3086 accusari

381 3103 671 3209 poffunt
712 3105 844 3180 sive
882 3108 1092 3179 rarior
1135 3130 1376 3207 praeter
1424 3128 1740 3179 naturam
1788 3130 2049 3211 textura
2088 3108 2389 3210 corporis
2411 3162 2436 3197 ,
2505 3108 2640 3186 five

374 3210 659 3283 summa
700 3204 1131 3303 evanidaque
1189 3206 1568 3279 ,humorum
1638 3206 1927 3303 tenuitas
1957 3259 1981 3293 ,
2026 3234 2323 3303 quorum
2371 3209 2636 3299 ratione

265 3352 290 3367 κ
379 3306 662 3403 spiritus
691 3304 809 3377 sua
834 3304 1068 3407 sponte
1115 3306 1437 3381 exhalant
1457 3305 1532 3374 in
1565 3303 1647 3376 ea
1671 3303 1924 3374 scilicet
1957 3328 2151 3378 aetate
2174 3361 2196 3393 ‚
2242 3310 2314 3379 in
2339 3307 2481 3402 qua
2511 3332 2635 3404 po-

383 3407 532 3478 titis
573 3400 855 3569 crzffitie
902 3402 1219 3476 laborant
1240 3402 1593 3492 humoreS,
1632 3408 1703 3477 δε
1727 3403 1901 3485 cutis
1934 3401 2197 3497 astrista
2220 3461 2247 3497 ,
2290 3403 2635 3500 densaque

384 3501 496 3577 est
535 3502 645 3572 val
700 3501 757 3577 ὲ.
1375 3548 1385 3565 .

490 3596 848 3675 Postremo
875 3622 1143 3673 tantum
1167 3597 1349 3675 abest
1379 3625 1453 3673 ut
1482 3600 1723 3675 ,inedia
1775 3602 1882 3675 vel
1905 3598 2247 3676 boulimia
2278 3597 2631 3687 laborent,

380 3704 519 3801 qui
555 3697 685 3768 hac
730 3699 1019 3798 syncope
1053 3700 1756 3800 comprehenduntur,
1796 3726 1873 3774 ut
1906 3704 2130 3800 potius
2159 3721 2462 3772 coenatos
2488 3722 2632 3771 tan-

381 3826 519 3904 gat
549 3799 964 3894 jugulerque
995 3798 1123 3871 hoc
1163 3802 1439 3873 malum.

487 3895 688 3972 GBS.
730 3896 1044 3971 XXXVI.
1107 3902 1392 3972 Memini
1443 3907 1607 3972 enim
1650 3895 1986 3996 quemdam
2014 3895 2440 3988 capellanum
2482 3901 2634 3970 Cot-

386 4002 559 4094 legii
582 4000 907 4073 Navarrei
934 4000 1180 4089 obesicm
1202 3999 1522 4068 hominem
1539 4021 1685 4068 ante
1701 3997 2146 4091 quadraginta
2178 4019 2389 4065 annos
2414 4046 2437 4080 ,
2487 3995 2559 4066 ό·
2585 4001 2632 4071 «ὲ

377 4096 725 4172 duodecim
764 4102 964 4174 annis
1004 4096 1484 4196 Nobilffmum
1511 4096 1741 4189 ‚ritum
1775 4096 1850 4170 de
1892 4100 2153 4179 Lutum«
2187 4093 2479 4175 Canon
2506 4092 2635 4180 ΙΙΙ.

2084 4190 2241 4291 ‚Aa
