3593 5087
929 413 1081 531 ³324
1181 418 1565 502 Monssr
1639 416 2180 501 VENTRIS
2256 415 2984 499 INFERIORIS

904 551 1286 626 ‘obviatum
1338 600 1360 633 ‚
1437 544 1567 622 slve
1636 548 2054 619 exoticarum
2081 601 2105 637 ‚
2157 545 2291 621 sive
2345 547 2896 647 tempestivarum
2944 602 2970 636 ‚
3043 547 3187 624 five

930 651 1114 723 secus
1153 648 1658 721 medicamenta
1680 646 2018 733 ejusmodi
2049 645 2479 744 praescribunt
2505 649 2730 745 magis
2774 648 3186 721 venditandi

931 747 1454 839 ostentandique
1477 743 1826 816 industriae
1863 745 2194 842 specimen
2223 746 2511 841 almuod
2538 799 2561 833 ,
2608 745 2727 817 aut
2764 748 3189 819 aromatariis

931 845 1424 946 gratificandi,
1472 846 1685 939 quam
1751 841 1921 916 bene
1977 843 2066 915 de
2103 847 2301 943 aegris
2357 842 2678 915 merendi
2713 847 2963 943 gratia,
3009 843 3191 932 Quae

934 946 1117 1019 enim
1164 970 1246 1015 ex
1293 945 1778 1014 commixtione
1808 967 1908 1013 tot
1936 949 2004 1016 δι
2037 967 2181 1013 tam
2228 943 2689 1041 pugnantium
2723 944 3191 1016 medicamen-

933 1069 1163 1116 torum
1198 1044 1552 1140 temperies
1582 1095 1604 1128 ‚
1658 1040 2041 1114 substantiae
2083 1043 2329 1114 modus
2354 1097 2374 1128 ,
2423 1041 2616 1141 sapor
2642 1096 2665 1130 ,
2714 1049 2786 1118 δι
2832 1044 3196 1139 qualitates

937 1143 1015 1214 id
1045 1167 1263 1240 genus
1300 1141 1421 1212 smt
1480 1141 1829 1211 emersurae
1863 1194 1886 1227 ,
1947 1140 2317 1213 subducere
2346 1147 2416 1214 &
2446 1140 2630 1213 certo
2658 1144 2999 1231 conjicere
3039 1167 3199 1242 prae-

938 1266 1093 1341 ceps
1131 1247 1200 1315 &
1250 1241 1599 1311 infirmum
1655 1240 1726 1308 in
1781 1239 2134 1327 juvenibus
2215 1238 2549 1341 plerisque
2610 1241 2949 1330 judicium
3006 1240 3197 1314 haud

862 1371 879 1418 ς
938 1365 1296 1437 quaquam
1324 1338 1519 1411 facile
1565 1337 1825 1438 potest,
1868 1363 1942 1409 ut
1969 1340 2176 1438 longe
2217 1342 2444 1410 utilius
2504 1336 2577 1408 sit
2598 1338 2862 1410 traditis
2882 1338 3076 1411 nobis
3102 1338 3196 1410 ab

872 1431 875 1438 ¹
940 1441 1354 1533 antiquitate
1394 1438 1909 1510 medicamentis
1951 1437 2398 1537 purgantibus
2442 1438 2705 1508 summa
2742 1439 3013 1511 ratione
3042 1437 3202 1513 sub-

944 1537 1170 1610 duciis
1196 1544 1266 1613 ὅ(
1299 1536 1600 1638 probatis
1638 1564 1777 1608 rem
1803 1562 2027 1634 agere.

1042 1635 1400 1726 Quoniam
1433 1661 1664 1709 autem
1709 1637 2023 1706 ichorum
2057 1658 2425 1734 proventus
2457 1640 2528 1709 δι
2561 1633 2927 1734 spontanea
2952 1660 3200 1708 eorum

946 1736 1225 1820 secretio
1266 1739 1307 1807 *a
1339 1736 1605 1832 r‘eliquo
1647 1735 1976 1837 sanguine
2019 1736 2302 1805 omnino
2355 1759 2512 1804 cum
2553 1735 2982 1835 plenitudine
3031 1760 3203 1806 con-

948 1837 1184 1928 juniia
1224 1834 1319 1907 est
1342 1889 1366 1924 ,
1426 1858 1545 1906 aut
1575 1836 1784 1906 etiam
1810 1831 1897 1904 ab
1923 1859 2000 1905 ea
2043 1834 2181 1906 una
2222 1833 2472 1933 pendet
2509 1833 2716 1934 saepe,
2770 1860 2893 1907 nec
2923 1836 2995 1906 in
3034 1860 3200 1907 cau-

949 1936 1094 2007 sam
1138 1961 1486 2008 externam
1534 1933 1807 2005 refundi
1851 1931 2138 2032 potest(
2173 1959 2335 2004 nam
2386 1958 2648 2005 certum
2697 1932 2790 2006 est
2846 1934 3202 2033 sanginem

951 2035 1025 2108 in
1057 2032 1223 2110 vasis
1260 2032 1760 2107 redundantem
1807 2039 1877 2103 &
1907 2031 2437 2128 quodammodo
2477 2034 2915 2105 incuneatum
2945 2059 3026 2105 ac
3064 2033 3196 2105 dif-

952 2130 1231 2208 flatione
1281 2140 1352 2209 δι
1404 2131 1618 2204 libero
1683 2156 2073 2203 commeatu
2134 2130 2534 2203 destitutum
2600 2132 2796 2204 lentae
2856 2131 3200 2232 putredini

875 2311 888 2326 ,
953 2237 1243 2307 omnino
1281 2233 1655 2305 obnoxium
1687 2228 1815 2305 effe
1840 2234 1886 2325 >
1953 2231 2307 2330 generatio
2357 2230 2532 2301 certe
2563 2231 2875 2303 ichorum
2919 2227 3202 2304 aversio-

598 2318 914 2431 „tff'gffif
955 2359 1092 2431 que
1133 2337 1173 2405 a
1213 2330 1480 2406 renibus
1507 2357 1801 2428 utroque
1853 2332 2130 2402 nomine
2170 2333 2536 2423 Sanguinis
2580 2330 3026 2401 detrudionem
3070 2330 3202 2402 exi.-

597 2429 815 2476 ⁸“⁵⁸‘“‘·
955 2459 1121 2530 gere
1167 2433 1435 2505 videtur
1461 2484 1485 2517 ,
1530 2430 1790 2528 quippe
1831 2453 1985 2523 quae
2031 2428 2532 2526 plenitudinem
2572 2430 2799 2518 levat,
2852 2435 2924 2504 &
2979 2428 3198 2501 fervo-

955 2557 1101 2601 rem
1138 2531 1401 2601 co'e‘rcet
1429 2558 1456 2615 3„
1525 2534 1594 2601 &
1625 2528 1696 2596 in
1737 2528 1819 2597 ea
1852 2530 2230 2622 quantitate
2254 2580 2279 2615 ,
2330 2553 2484 2623 quae
2523 2528 2847 2628 plethorae
2896 2529 3041 2618 ejus
3080 2525 3204 2601 res-

955 2622 1260 2727 pondeat
1290 2680 1316 2714 ‚
1365 2650 1765 2723 quanquam
1787 2626 2132 2723 sanguinis
2160 2625 2361 2698 crudi
2392 2629 2655 2727 parcior
2681 2624 2810 2700 effe
2834 2627 3058 2701 debet.

652 2734 918 2811 ‚rra-mmo
1053 2724 1244 2815 Quia
1307 2750 1538 2798 autem
1581 2725 2141 2822 quotiescumque
2191 2723 2494 2798 duorum
2534 2726 2938 2800 solemnium
2994 2753 3215 2801 reme·

600 2810 905 2903 ἒὲἓῗῖἷὲῗᾲ.
962 2826 1236 2901 diorum
1267 2823 1750 2926 phlebotomiae
1782 2825 2029 2896 scilicet
2056 2878 2079 2912 ,
2121 2831 2190 2900 ὅ(
2227 2827 2656 2925 purgationis
2681 2824 3201 2900 neceffariusin·

605 2925 674 2960 ‘⁰'
962 2926 1136 3000 cidit
1167 2926 1319 3001 usus
1347 2981 1370 3015 ‚
1417 2927 1455 2997 ὲ
1483 2921 1951 3023 phlebotomia
1996 2926 2227 2996 multis
2255 2924 2343 2995 de
2376 2922 2585 2997 caufis
2620 2924 2962 3001 brevitatis
3015 2925 3218 3001 causa

961 3026 1075 3099 hic
1136 3025 1630 3125 praetermiffis)
1680 3027 1749 3096 ὅ(
1783 3027 1879 3096 ita
1913 3021 2187 3111 jubente
2225 3021 2494 3095 Galeno
2540 3023 2635 3096 est
2659 3025 3210 3126 auspicandum,

882 3129 888 3135 ’
957 3122 1430 3225 phlebotomia
1477 3124 1657 3198 cert'e
1701 3144 2048 3220 praevertet
2096 3120 2294 3194 usum
2341 3147 2476 3221 prae
2528 3130 2866 3198 arantium
2910 3126 3212 3200 medica·

959 3248 1349 3296 mentorum
1379 3229 1448 3296 ὅ(
1479 3223 1756 3297 εὶεὲὶίνὲ
1799 3221 2293 3323 purgantium:
2334 3147 2684 3296 salubriter
2724 3251 2946 3297 tamen
2986 3229 3213 3297 mino-

958 3325 1142 3398 ranti
1167 3322 1671 3398 medicamento
1700 3322 2014 3396 succedet
2040 3376 2063 3409 ,
2106 3346 2192 3393 ne
2234 3323 2454 3420 prima
2496 3324 2689 3423 regio
2742 3322 3084 3397 saburram
3131 3331 3214 3403 δε

958 3426 1152 3521 impu
1163 3423 1428 3493 ritatem
1453 3423 1904 3495 subministret
1927 3425 2113 3497 venis
2148 3422 2532 3493 exinanitis,

634 3570 712 3614 ,ῃ
740 3568 924 3616 ωᾱω
1058 3521 1420 3610 Quoniam
1451 3519 1795 3620 postremo*
1836 3520 1979 3591 duo
2024 3519 2174 3592 sunt
2218 3521 2564 3619 sanguinis
2616 3520 2834 3613 fontes
2892 3522 3090 3619 hepar
3135 3521 3218 3595 όν

605 3617 924 3739 ὲξῇδῐῗξὲ
960 3624 1090 3693 lien
1113 3675 1135 3708 ‚
1171 3620 1438 3709 basilica
1464 3624 1762 3692 alterutri
1789 3622 2016 3711 visceri
2043 3617 2816 3714 ichoressubministraezti
2839 3627 3226 3716 respondens

621 3713 808 3791 enims.
943 3720 1271 3812 sir-abitur
1288 3774 1311 3807 ‚
1359 3745 1483 3820 pro
1511 3743 1584 3794 ut
1615 3719 1803 3791 calor
1844 3716 2540 3794 calculiinfinuaverit
2569 3720 2697 3792 hoc
2721 3721 2830 3794 vel
2869 3721 3042 3792 illud
3071 3721 3202 3795 viss-

874 3876 891 3892 .
963 3843 1081 3890 cus
1134 3819 1252 3894 sua
1284 3817 1598 3893 discrafia
1656 3819 1978 3891 ichorum
2036 3841 2438 3915 proventum
2485 3844 2833 3916 generare.
2892 3819 3073 3891 Nam
3125 3821 3214 3892 in«

965 3916 1228 3993 calculo
1279 3921 1549 3993 cinereo
1580 3914 2043 3989 laborantibus
2067 3969 2090 4002 ‚
2134 3940 2254 3988 aut
2285 3916 2536 3993 friabili
2556 3918 2673 3994 sed
2693 3915 2872 3990 flavo
2906 3918 3204 4016 plerum-

909 4065 915 4068 >
965 4040 1102 4109 que
1129 4015 1338 4114 hepar
1363 4016 1585 4117 primo
1603 4016 1901 4089 accusari
1923 4013 2123 4088 debet
2152 4069 2175 4103 ,
2223 4041 2357 4107 ceu
2373 4042 2610 4116 parens
2640 4018 2936 4089 materiae
2961 4018 3218 4091 calculi:

968 4113 1152 4187 illius
1211 4140 1522 4215 generis:
1587 4118 1834 4193 contr'a.
1890 4118 1964 4191 in
2008 4115 2275 4191 calculo
2333 4142 2481 4191 atro
2551 4114 2848 4193 rubrave
2903 4113 3216 4219 impensi:
