3593 5087
757 433 834 513 'A
959 432 1666 516 PRoLUVIE
1766 421 2305 518 SERO'sAl.
2551 447 2705 544 '3'37‘

449 581 605 637 rum
622 590 851 638 autem
881 569 951 639 in
976 591 1123 641 toto
1155 568 1390 641 habitu
1417 564 1733 664 angustia
1757 588 1946 640 tanta
1962 563 2091 641 effe
2117 567 2395 663 nequit,
2418 591 2498 639 ut
2529 593 2706 640 trac-

445 666 709 737 t-ionem
735 668 1045 740 alimenti
1070 670 1268 740 tollat
1295 671 1462 766 quin
1495 663 1678 766 prius
1713 663 1928 739 febres
1953 722 1977 755 ‚
2004 692 2122 738 aut
2148 659 2390 760 fimil'es
2424 666 2706 741 affestus

451 760 781 863 hydropis
829 769 1337 863 generationem
1383 789 1827 867 praevertant;
1868 763 2316 862 quamobrem
2350 765 2703 839 traffionis

448 860 521 929 in
553 886 703 932 toto
730 863 1006 939 sublatae
1055 868 1265 939 causae
1294 868 1712 941 resolvuntur
1751 865 1824 932 in
1860 867 2091 936 causas
2120 866 2160 935 ‘a
2191 862 2434 960 quibus
2460 864 2702 937 traffio

446 958 780 1033 viscerum
811 964 1118 1038 aboletur
1147 1020 1170 1053 ,
1226 965 1477 1039 scilicet
1531 963 1788 1064 proprii
1832 965 2086 1036 caloris
2130 963 2593 1064 languorem,
2631 969 2706 1038 ὅς

445 1057 719 1131 viarum
744 1065 1150 1162 angustiam.

541 1154 763 1246 Quod
808 1165 1021 1259 igitur
1057 1165 1150 1236 ad
1182 1166 1443 1236 Caloris
1497 1166 2010 1235 immunitionem
2050 1163 2322 1248 attinet,
2372 1164 2702 1259 quoniam
2737 1155 3062 1260 G,ss2¹‘’3¹‚¹}„¹‚{2

428 1255 721 1330 *innatus
753 1262 1086 1334 viscerum
1112 1266 1299 1335 calor
1340 1265 1592 1361 partim
1622 1261 1914 1333 humido
1958 1261 2378 1360 primigenio
2396 1264 2704 1334 ‘contine-
2738 1269 2911 1316 ‘mim‘-

436 1377 555 1425 tur
586 1410 610 1444 ‚
664 1361 915 1456 partim
964 1364 1285 1434 continuo
1322 1357 1576 1433 affluxu
1635 1361 1880 1432 caloris
1912 1360 1950 1431 ὲ
1982 1358 2194 1431 corde
2232 1356 2579 1457 influentis
2606 1365 2703 1434 vi-

440 1475 567 1550 get
597 1463 667 1530 &
699 1479 900 1558 veget
928 1513 951 1546 ,
997 1461 1175 1533 cert'e
1203 1463 1389 1532 calor
1430 1458 1658 1531 insitus
1700 1459 2032 1532 viscerum
2064 1458 2479 1556 elanguescit
2503 1512 2527 1546 ‚
2570 1487 2701 1531 non
2743 1502 2784 1537 ι.
2808 1489 3057 1539 σοαπ-ιη

411 1549 654 1643 soltim
691 1561 1025 1629 contraria
1076 1564 1452 1630 alteratione
1481 1614 1504 1647 ,
1552 1559 1671 1629 hoc
1702 1562 1784 1653 ss
1809 1611 1833 1645 ‚
1886 1558 2124 1654 infigni
2169 1559 2698 1653 refrigeratione,
2737 1548 3011 1596 :lancisae
3037 1577 3060 1606 ⁹

418 1652 543 1745 fid
570 1656 729 1748 quia
759 1657 1023 1729 humido
1042 1663 1436 1754 primigenio
1451 1686 1562 1730 ceu
1571 1657 2003 1750 fundamento
2026 1666 2423 1756 quacumque
2449 1662 2703 1730 ratione

437 1751 805 1846 destituitur
838 1805 867 1838 ,
917 1755 991 1830 ό·
1037 1762 1186 1834 vero‘
1250 1762 1496 1831 caloris
1552 1760 1889 1860 influentis
1938 1765 1970 1827 ἐ
2018 1758 2211 1829 corde
2272 1756 2545 1854 affluxit
2599 1759 2701 1829 de-

422 1851 816 1956 frauflatur.
2714 1879 2722 1887 ·

536 1949 826 2026 Infitum
876 1954 1053 2028 certe
1101 1959 1401 2056 partium
1439 1954 1752 2029 calidum
1793 1952 2101 2028 suffocari
2133 1953 2523 2027 multudine
2554 1982 2695 2030 non

431 2050 858 2125 crediderim
887 2108 910 2141 ,
968 2053 1084 2128 etsi
1143 2054 1429 2129 influens
1476 2057 1662 2126 calor
1690 2054 1939 2154 potest:
1994 2081 2156 2126 nam
2202 2059 2504 2152 potentia
2530 2081 2695 2127 xtan-

429 2174 589 2220 mm
617 2151 829 2240 inest,
882 2152 999 2224 sed
1055 2155 1367 2227 astuatur
1418 2151 1505 2224 ab
1560 2150 1824 2224 influxu
1860 2155 2086 2226 vitalis
2116 2153 2154 2223 ὲ
2182 2151 2436 2240 corde,
2482 2180 2695 2250 quem

402 2246 779 2323 -influxum
814 2251 1124 2352 plethora
1159 2253 1505 2351 intercipit
1528 2304 1552 2338 ‚
1580 2258 1651 2325 &
1679 2254 1995 2345 quamvis
2020 2249 2463 2322 multitudine
2481 2250 2704 2323 obrui

429 2345 779 2421 fateamur
806 2404 830 2438 ‚
883 2349 1056 2422 dum
1099 2375 1328 2423 tumor
1357 2352 1605 2447 aliquis
1630 2353 2075 2450 conjungitur
2100 2404 2127 2439 ,
2173 2349 2490 2449 angustia
2517 2350 2699 2423 certe

425 2463 575 2516 una
603 2473 885 2548 quoque
911 2452 1389 2551 conjungitur,
1434 2451 1523 2524 de
1547 2451 1686 2548 quit
1716 2476 1899 2521 mox.

530 2543 785 2646 Itaque
810 2577 1216 2648 quacumque
1242 2551 1569 2647 irfigniter
1594 2549 1836 2644 vest-era
1868 2549 2254 2643 refrigerant
2274 2600 2297 2633 ,
2335 2575 2414 2622 ea
2437 2549 2696 2647 hydro-
2729 2539 3051 2667 ,fffigfffgg’

424 2670 593 2745 pem
645 2649 927 2723 tandem
954 2651 1309 2739 *invehunt
1365 2672 1483 2750 per
1513 2651 1755 2720 caloris
1789 2652 2052 2749 proprii
2086 2646 2542 2722 extinfionem.
2585 2654 2695 2724 Sic
2714 2675 2822 2711 *κο

420 2753 511 2817 ab
564 2744 686 2839 usu
738 2754 1105 2844 opiatorum
1135 2802 1157 2836 ,
1208 2750 1508 2838 cerevifioe
1537 2796 1564 2828 ,
1610 2753 1890 2842 pomatii
1923 2800 1947 2833 ,
1992 2753 2269 2841 piratii,
2319 2753 2398 2816 ab
2445 2749 2692 2841 affiduo

420 2842 506 2916 ό·
533 2851 852 2917 diuturno
881 2875 1063 2944 aquoe
1087 2870 1247 2940 potu
1275 2876 1354 2918 ac
1381 2850 1636 2917 liberali
1669 2846 1959 2940 hydrops
1989 2850 2379 2938 importatur
2408 2895 2428 2928 ‚
2475 2869 2552 2915 ut
2576 2872 2692 2916 ex-

426 2946 772 3044 perientia
818 2945 1017 3016 docet
1068 2945 1428 3043 praesertim
1472 2945 1542 3015 in
1584 2944 1664 3013 iis
1693 2944 2059 3038 provinciis
2090 2997 2114 3031 ‚
2164 2965 2320 3040 quae
2363 2942 2516 3012 loco
2544 2944 2691 3016 vini

421 3040 824 3140 liquoribus
874 3045 956 3115 iis
1000 3042 1308 3142 'impense
1339 3041 1616 3143 frigidis
1669 3039 2014 3113 liberalius
2066 3066 2401 3130 utuntur,
2457 3066 2692 3142 utpote

420 3145 675 3244 paloto
722 3169 856 3214 non
914 3143 1203 3242 ingratis
1228 3196 1252 3233 ‚
1310 3145 1471 3225 etim
1510 3141 1694 3239 aqua
1748 3140 1920 3241 pura
1951 3142 2136 3212 nulla
2191 3144 2380 3215 natio
2413 3165 2557 3215 tam
2583 3144 2690 3214 in·-

421 3267 892 3342 temperanter
934 3267 1183 3315 utatur.
1321 3252 1336 3270 ⁶

351 3352 356 3357 '
533 3343 703 3431 Jam
749 3343 1085 3414 humidum
1138 3342 1541 3412 exhauriunt
1588 3340 2048 3435 primigenium
2093 3338 2402 3435 visitemus
2426 3394 2448 3429 ,
2505 3363 2693 3438 quae-
2775 3365 2820 3402 ι.
2857 3353 3057 3425 pamm*

422 3467 741 3535 cumque
769 3442 1203 3513 vehementer
1255 3440 1751 3535 confertimque
1781 3437 2112 3513 exficcant
2142 3494 2166 3528 ‚
2200 3467 2366 3539 -quae
2394 3441 2692 3511 calorem
2720 3413 2880 3517 {²thss
2910 3416 3024 3519 ’ἔω

421 3538 600 3612 sane
642 3538 978 3612 afiualem
1005 3564 1211 3636 atque
1252 3541 1573 3630 eximium
1604 3538 1896 3611 habeant
1938 3563 2205 3638 oportet
2253 3591 2278 3626 ,
2325 3538 2549 3634 qualis
2595 3536 2692 3609 est

418 3638 717 3738 sanguis
759 3638 898 3737 ipse
934 3635 1483 3730 inflammatusjn
1525 3638 1923 3712 ardentibus
1973 3636 2312 3711 febribus:
2362 3660 2527 3707 -nam
2576 3662 2692 3709 ex-

416 3762 642 3811 tetnae
672 3737 887 3809 causae
931 3739 1119 3810 tanta
1154 3742 1221 3811 vi
1261 3737 1637 3811 exsiccandi
1696 3739 1996 3839 praeditae
2042 3739 2155 3810 vix
2209 3739 2280 3807 in
2333 3734 2528 3807 usum
2578 3763 2689 3810 ve-

420 3842 634 3912 niunt
660 3892 684 3926 ‚
737 3835 860 3909 nisi
893 3840 1075 3930 fhrte'
1118 3868 1292 3937 aqua
1338 3843 1490 3915 vita·
1517 3892 1539 3923 ‚
1590 3838 1875 3909 theriaca
1906 3890 1928 3925 ,
1985 3841 2054 3910 &
2090 3832 2137 3904 si
2174 3859 2329 3930 quae
2370 3836 2509 3906 alia
2537 3889 2561 3923 ‚
2612 3839 2686 3907 in

418 3963 734 4034 quorum
753 3937 874 4010 usu
898 3941 1411 4036 temperatiores
1438 3938 1589 4008 sunt
1615 3936 1851 4033 passim
1876 3956 2109 4008 omnes
2139 3986 2163 4020 ‚
2210 3936 2473 4032 alioqui
2495 3934 2687 4007 haud

418 4035 731 4112 dubium
757 4036 851 4105 est
878 4064 958 4108 ea
986 4040 1056 4107 in
1079 4034 1441 4108 visceribus
1471 4034 1812 4132 ignescere
1834 4030 2051 4134 poffe,
2084 4035 2230 4103 ciem
2257 4037 2687 4127 experimento
2743 4058 2783 4129 5
2810 4058 3044 4124 Observa

397 4133 750 4232 constitui
777 4138 1084 4230 ebriosum
1106 4138 1420 4231 quendam
1435 4131 1751 4208 hominem
1771 4139 2029 4213 Scotum
2048 4137 2119 4205 in
2140 4133 2370 4225 infimo
2383 4137 2687 4224 conririq
2722 4131 2805 4166 ‘¹⁰'
2841 4117 2873 4185 ¹

2160 4231 2293 4335 ,Π
