3593 5087
922 437 1072 530 466
1444 433 1452 444 '
1759 427 2359 509 F‘Essnns

921 561 991 632 in
1049 586 1270 664 partes
1321 549 1554 634 omnes
1594 553 1969 633 distributis
2024 558 2235 655 usque
2276 557 2369 631 ad
2428 549 2743 630 habitum
2771 579 3122 636 externum‘
3146 616 3198 655 r

924 684 1071 733 tum
1117 661 1458 735 radicibus
1504 662 1926 760 implantatis
1977 657 2335 732 visceribus
2379 659 2668 758 propriis
2698 661 2994 747 ejusdem
3019 663 3183 735 offi-

924 762 1137 839 cinis;
1190 771 1397 834 altera
1440 784 1672 831 autem
1710 784 1863 855 quae
1917 757 2355 855 semisanguis
2398 759 2628 829 adhuc
2654 757 2793 845 est,
2849 767 2921 834 δε
2966 764 3185 857 chylo

650 847 887 900 ⁸²⁰¹m·
920 863 1250 959 permixta
1277 859 1574 932 necdum
1599 859 1893 958 perfesta
1921 910 1944 943 ‚
1990 858 2060 926 in
2086 855 2426 956 stipitibus
2465 861 2679 951 porris
2721 858 2924 931 dicus
2940 914 2967 946 ‚
2991 863 3180 934 radi-

922 959 1243 1056 cibusque
1285 985 1525 1031 eorum
1559 962 1807 1057 pariter
1837 956 2185 1056 insumptis
2218 958 2491 1050 utrique
2516 955 2752 1029 visceri
2785 1010 2807 1043 ,
2868 964 2940 1031 ὅ(
2971 962 3180 1034 ramis

916 1085 1038 1159 per
1076 1060 1468 1130 inferiorem
1511 1060 1745 1130 alvum
1770 1058 2167 1155 propagatis
2189 1053 2583 1152 insertisque
2604 1057 2985 1130 ventriculo
3011 1111 3034 1143 ‚
3080 1061 3181 1131 in-

917 1157 1171 1229 testinis
1201 1210 1224 1245 ‚
1270 1158 1568 1230 mesetaei
1594 1157 1944 1257 glandulis
1967 1208 1990 1241 ‚
2032 1160 2101 1228 ὅ(
2147 1155 2465 1249 reliquis»,
2507 1154 2684 1225 certe
2720 1155 2875 1226 licet
2913 1155 3179 1232 radices

913 1280 1125 1353 portae
1164 1264 1234 1332 δε
1276 1281 1459 1330 cavae
1513 1282 1631 1356 per
1673 1254 1963 1355 insignes
2018 1251 2470 1325 anastomoses
2529 1250 2647 1324 fibi
2686 1253 3109 1327 consentiant
3145 1308 3173 1345 ,

914 1378 1146 1428 tamen
1173 1357 1576 1454 sanguinem
1600 1356 1640 1427 a
1693 1356 2023 1454 sanguine
2063 1353 2202 1424 haec
2242 1352 2503 1425 diversa
2532 1354 2690 1425 vasa
2712 1354 2809 1424 ita
2842 1352 3169 1427 dividunt

916 1476 993 1525 ut
1021 1480 1162 1526 non
1188 1455 1386 1528 facile
1433 1454 1507 1527 fit
1567 1455 1688 1526 uni
1728 1456 1907 1553 parti
1961 1451 2321 1524 confertim
2372 1458 2442 1525 δι
2473 1452 2707 1552 sponte
2750 1454 3055 1550 migrare
3087 1454 3173 1524 ab

915 1577 1055 1624 uno
1092 1556 1161 1625 in
1202 1555 1394 1628 aliud
1451 1551 1618 1627 vafis
1656 1579 1914 1652 genus:
1974 1576 2375 1647 quanquam
2428 1576 2509 1622 ex
2563 1575 2823 1623 naturae
2863 1552 3173 1624 instituto

913 1647 1248 1724 beneficio
1274 1662 1343 1730 &
1376 1656 1445 1728 vi
1474 1653 1800 1725 trastricis
1848 1651 2195 1723 facultatis
2241 1651 2370 1721 hoc
2398 1648 2517 1722 fiat
2543 1703 2566 1736 ,
2616 1651 2726 1722 sed
2760 1649 2997 1722 sensim
3021 1677 3169 1724 tan-

914 1752 1096 1822 tum:
1144 1751 1404 1826 affatim
1447 1777 1677 1824 autem
1705 1752 1853 1823 fieri
1892 1753 2004 1823 vix
2038 1748 2488 1836 crediderim,
2540 1747 2657 1820 nili
2699 1751 2962 1823 fervore
2996 1776 3172 1846 quo·

826 1855 874 1892 ‘²
911 1846 1078 1922 dam
1104 1877 1435 1953 concepto
1469 1849 1609 1951 ipse
1644 1851 1916 1949 sanguis
1946 1849 2177 1948 sponte
2219 1846 2502 1920 ebulliat
2545 1846 3038 1948 despumetque
3083 1849 3170 1923 ab

907 1971 1048 2021 uno
1076 1951 1145 2020 in
1180 1954 1374 2026 aliud
1424 1977 1541 2024 aut
1568 1954 1634 2023 vi
1663 1975 1921 2023 naturae
1953 1951 2225 2022 irritatae
2263 1947 2644 2048 compressis
2672 1946 2838 2022 vasis
2893 1951 3166 2047 sanguis

907 2046 1237 2147 expressus
1274 2054 1463 2126 alteri
1518 2050 1982 2123 confundatur
2017 2102 2040 2136 ,
2084 2073 2226 2142 quo
2273 2048 2426 2119 sane
2455 2047 2532 2118 fit
2562 2073 2638 2118 ut
2675 2050 2789 2122 via
2814 2048 3172 2120 ordinaria

904 2144 1182 2247 sanguis
1211 2152 1544 2252 impurior
1585 2149 1869 2223 minime
1910 2147 1983 2219 sit
2020 2147 2396 2235 subjeffilurn
2425 2146 2627 2219 febris
2655 2201 2678 2234 ‚
2721 2149 2761 2218 *a
2805 2173 2949 2243 quo
3001 2150 3169 2219 scili-

907 2270 1010 2319 cet
1042 2273 1350 2324 externus
1381 2250 1648 2322 habitus
1697 2248 2054 2320 incalescat
2082 2246 2415 2343 febrisque
2460 2244 2579 2318 fiat
2604 2300 2627 2333 ‚
2678 2243 2726 2317 si
2769 2246 2991 2320 modo
3030 2246 3166 2319 baec

906 2347 980 2415 in
1005 2349 1234 2422 calore
1261 2349 1466 2423 totius
1509 2350 1775 2425 habitus
1808 2372 2054 2447 *praeter
2086 2351 2398 2419 natu-ram
2423 2349 2705 2418 omnino
2730 2343 2860 2417 sita
2888 2343 3021 2419 esse
3052 2346 3164 2418 de-

908 2439 1064 2517 beat
1092 2500 1115 2533 ‚
1176 2455 1245 2522 δε
1273 2476 1408 2521 non
1436 2450 1523 2521 ad
1560 2453 1701 2535 ejus
1729 2446 2281 2519 constitutionem
2330 2441 2612 2516 sufficiat
2661 2445 3056 2519 saltemcor
3094 2451 3169 2520 δε

909 2546 1307 2620 cumcorde
1337 2550 1672 2648 praecipua
1701 2546 2005 2618 membra
2036 2602 2057 2634 ,
2111 2548 2240 2635 hoc
2283 2543 2417 2632 est,
2448 2548 2789 2618 internum
2846 2545 3161 2618 habitum

906 2639 1313 2718 incalescere
1341 2701 1362 2734 ,
1399 2647 1591 2743 quod
1621 2645 1714 2718 est
1753 2648 1930 2719 certe
1956 2645 2209 2718 Galeni
2238 2644 2586 2717 decretum
2617 2646 2719 2716 his
2748 2644 2963 2719 verbis
3001 2671 3165 2716 con-

907 2763 1202 2838 (septum.
1228 2757 1255 2788 ⁸
1285 2748 1576 2838 Effemia
1601 2750 1746 2820 νενὸ
1767 2745 2055 2837 sobrium
2104 2747 2185 2840 est
2231 2771 2361 2814 non
2393 2741 2751 2835 secundicm
2800 2750 3185 2838 Hippana·—

906 2843 1242 2913 emmoni&
1276 2872 1463 2945 atque
1482 2846 1999 2942 proeclatg'ffimos
2051 2848 2355 2920 Medicvs
2382 2896 2404 2929 ,
2443 2840 2567 2935 sed
2604 2844 3189 2938 etiamsecundixm:

907 2967 1301 3015 communem
1330 2952 1618 3018 omnium
1643 2946 1976 3017 hominum
2003 2944 2361 3039 consensum
2395 2969 2621 3037 preater
2656 2968 2963 3015 naturam
2980 2947 3163 3013 calor

909 3044 1470 3139 maximiquidem
1494 3050 1565 3116 in
1595 3070 1817 3117 totum-
1833 3043 2345 3142 animabqffusus
2366 3042 2762 3132 ,sinminu's
2795 3067 2865 3113 ae
2898 3046 3157 3116 omnino
3176 3078 3193 3097 ·

906 3147 1011 3216 vel
1042 3145 1111 3208 in
1130 3145 1443 3234 plurimis
1482 3152 1785 3242 parribus
1828 3152 1929 3219 vel
1964 3147 2034 3213 in
2064 3144 2488 3242 nobiliffi‘mis
2523 3142 2828 3235 accensus
2852 3174 2875 3212 .·
2912 3144 3189 3236 Joepiz'ct

904 3258 1177 3336 namque
1219 3246 1517 3333 universa
1549 3251 1716 3316 curis
1747 3246 2625 3337 nullumrevidtmem-praeter
2650 3267 2957 3313 naturam
2972 3249 3179 3311 calo--

904 3366 1246 3435 rem-neque
1278 3347 1465 3419 nobis
1506 3348 1793 3417 exterius
1825 3348 2240 3439 tangentibus
2269 3395 2288 3428 ‚
2318 3370 2507 3438 neque
2529 3342 2680 3437 ipsts
2707 3343 3185 3432 laborantibus-s

895 3438 1112 3534 ptaefi
1128 3437 1300 3530 ferte
1348 3444 1599 3516 videtur
1622 3493 1650 3524 ,
1692 3446 1918 3535 sed-In
1970 3442 2298 3540 profundo
2330 3470 2589 3537 corpore
2624 3442 2750 3536 ipfi
2778 3462 3153 3536 egrotantes
3174 3472 3191 3501 .-

878 3536 1179 3628 senttunt
1221 3590 1249 3621 ,
1295 3547 1654 3638 visceraque
1655 3542 1791 3629 sthi
1828 3546 2676 3641 incmdioflagrare·aium.

1001 3636 1230 3710 Potest
1255 3641 1768 3740 igiturfhnguis
1790 3646 2110 3735 impurior
2130 3645 2198 3710 in
2218 3654 2407 3736 porca
2426 3647 2741 3713 alterutra
2752 3638 3171 3735 propriisqrte.

904 3742 1111 3808 ramis
1135 3789 1155 3822 ,
1207 3750 1330 3814 νεὶ
1361 3742 1923 3814 etiam-'radicibus
1939 3738 2211 3831 suhieeli
2249 3739 2461 3830 febris
2506 3744 2822 3811 rationem
2870 3738 3087 3808 habere
3116 3784 3181 3817 ,-

905 3836 1480 3934 quandoquidem
1534 3840 1768 3912 saltem
1793 3840 2108 3911 ¹internus
2164 3839 2433 3936 habitus
2457 3894 2480 3927 ,
2522 3840 2653 3910 hoc
2688 3838 2783 3910 est
2812 3890 2835 3925 ,
2874 3857 3183 3934 praecor-:-

907 3933 1026 4013 dia
1054 3988 1075 4022 ‚
1097 3939 1472 4104 'partesque
1516 3941 1671 4013 alvo
1699 3938 2015 4011 inferiore
2046 3942 2375 4013 conclusae
2426 3939 2513 4012 ab
2554 3944 2701 4030 ejus
2755 3935 2882 4010 five
2918 3956 3184 4033 putre--

899 4028 1068 4102 dine
1123 4061 1226 4108 tve
1244 4038 1548 4128 ustione,
1598 4035 1730 4114 five
1747 4040 1963 4110 etiam
1987 4038 2383 4116 ebullitione
2419 4063 2656 4141 praeter
2702 4032 3185 4110 naturam-itu*

984 4240 1033 4285 ι
1057 4218 1470 4299 Ωοωω..8ωι.
1506 4247 1558 4297 2.
1588 4248 1650 4314 p,
1680 4243 1731 4317 ιἒ
1762 4235 1822 4315 63
1852 4227 2050 4312 Epjdg.
