3593 5087
879 485 1025 562 472
1722 452 2307 532 FEBRES

880 591 1099 660 citatis
1146 643 1169 676 ‚
1229 587 1383 660 ciim
1431 584 1668 656 contra
1716 581 2097 657 verosimile
2132 583 2206 656 sit
2266 587 2338 654 in
2385 581 2702 685 phlogosi
2780 581 3130 687 spirituum

882 690 1110 759 urinas
1149 688 1489 786 fulgorem
1517 684 1872 779 quendam
1916 710 1995 755 ac
2028 684 2239 758 veluti
2279 681 2628 756 flammam
2656 709 2795 785 prae
2847 687 2911 759 se
2963 689 3135 764 ferre

887 784 1001 858 etsi
1033 787 1201 858 nihil
1238 787 1442 856 alieni
1487 784 1859 883 deponant.
1961 788 1974 801 '

543 910 853 971 5.s01m3021·
985 884 1107 957 Ad
1160 885 1300 956 haec
1326 886 1695 976 solutionis
1745 884 2110 954 diat-iarum
2127 880 2429 972 febrium..
2463 886 2694 953 modus
2722 881 3144 961 demonstrat

518 971 698 1021 ⁰⁰⁶⁰*
885 984 1232 1058 evidenter
1260 984 1616 1056 veritatem
1660 982 1899 1053 nostrae
1934 979 2435 1078 praepositionis.
2470 981 2585 1054 Est
2633 983 2815 1054 enim
2858 986 3146 1058 omnino

671 1079 694 1114 ⁸
881 1079 1321 1155 necessarium
1393 1080 1648 1153 febrem
1711 1084 1774 1153 ei
1847 1082 2170 1151 inbaerere
2244 1083 2547 1152 materiae
2601 1107 2725 1153 ceu
2782 1080 3088 1170 subjeeco
3115 1139 3143 1172 ‚

878 1187 1073 1271 cujus
1108 1180 1739 1279 quomodocunque
1792 1180 2048 1250 faciam
2116 1181 2593 1252 vacuationem
2642 1180 2754 1252 seu
2809 1178 3142 1256 recessum

875 1283 1131 1381 semper
1177 1280 1476 1378 sequitur
1523 1279 1722 1352 febris
1750 1274 1953 1379 ipsius
1997 1276 2279 1350 solutio:
2329 1283 2520 1374 atqui
2571 1281 3002 1370 declinationi
3026 1310 3144 1354 ac-

874 1382 1161 1478 cffonis
1201 1409 1348 1452 cum
1381 1376 1620 1471 stidore
1648 1428 1676 1459 ,
1714 1403 1831 1450 aut
1858 1406 1999 1450 rore
2028 1431 2049 1462 ,
2106 1399 2221 1446 aut
2254 1405 2403 1449 cum
2452 1382 2680 1476 aliquo
2723 1407 2962 1473 vapore
2982 1410 3147 1474 pro-

867 1486 1090 1576 prium
1129 1483 1345 1577 utique
1390 1477 1465 1551 ό·
1513 1479 1933 1573 instparabile
1962 1476 2239 1571 signum
2293 1479 2375 1572 {st
2427 1479 2795 1550 diariarum
2835 1496 2866 1525 ⁸
2893 1483 3144 1552 Galerii

873 1578 1338 1652 observatione
1368 1584 1439 1651 δε
1484 1577 1907 1677 experientias
1945 1575 2102 1647 fide.
2148 1573 2337 1663 Quia
2368 1578 2584 1671 igitur
2636 1603 2820 1673 aqua
2871 1578 3140 1654 fervens

871 1672 1237 1751 necessario
1277 1681 1345 1748 in
1380 1702 1703 1776 vaporem
1740 1675 1880 1748 abit
1923 1675 2146 1773 magis
2188 1699 2307 1746 aut
2337 1678 2557 1748 minus
2605 1674 2904 1748 sensilem
2929 1730 2954 1764 ‚
3007 1679 3132 1752 sed

867 1804 1167 1873 aqueum
1207 1801 1438 1848 tamen
1466 1830 1488 1863 ,
1511 1778 1669 1847 *hoc
1706 1773 1801 1847 est
1827 1829 1850 1862 ‚
1896 1777 1970 1845 in
2018 1799 2275 1869 aquam
2311 1776 2571 1847 rursum
2600 1775 2803 1848 facile
2831 1777 3137 1851 mutabi-

751 1954 768 1974 .
866 1877 1091 1958 lem&
1117 1876 1660 1948 concrescibilem
1682 1929 1705 1962 ‚
1753 1879 1858 1946 uti
1885 1872 1977 1946 est
2005 1873 2252 1950 sudor;
2294 1873 2555 1973 spiritus
2606 1898 2840 1946 autem
2890 1879 3134 1950 contra.

861 1973 1331 2048 inflammatus
1385 1976 1492 2048 vel
1542 1971 2003 2047 insensibiliter
2045 1972 2398 2045 resolvitur
2439 2003 2461 2051 3
2512 1974 2621 2048 vel
2678 1975 2749 2045 in
2794 2000 3133 2072 vaporem

859 2073 1109 2148 siccum
1139 2083 1209 2150 ἀ
1241 2073 1688 2173 fuliginosum
1718 2127 1740 2160 ,
1798 2073 1909 2146 sed
1941 2071 2116 2144 illud
2149 2075 2372 2170 petius
2406 2097 2645 2170 utpote
2689 2075 2848 2145 cilm
2879 2073 2958 2145 sit
2987 2074 3131 2149 sim-

857 2178 1014 2275 plex
1058 2182 1129 2249 δε
1178 2179 1380 2248 ae'reo
1412 2173 1674 2276 prorsus
1704 2173 2030 2272 ingenio:
2089 2176 2159 2243 in
2199 2198 2494 2268 aqueum
2525 2196 2757 2244 autem
2795 2193 3130 2274 vaporem

859 2276 1049 2349 idem
1078 2300 1218 2346 non
1268 2271 1391 2346 nisi
1436 2273 1964 2374 congelascens,
2009 2296 2217 2367 atque
2272 2275 2312 2344 ὲ
2369 2272 2625 2371 frigore
2675 2273 3129 2349 condensatus

857 2374 1049 2446 abire
1077 2373 1292 2472 potest
1319 2427 1343 2460 ,
1392 2373 1612 2446 diaria
1640 2371 1949 2475 profesto
1976 2369 2178 2444 febris
2206 2374 2278 2443 in
2320 2397 2542 2470 aqueo
2585 2371 2874 2445 humore
2906 2427 2930 2461 ,
2985 2400 3125 2447 non

860 2474 992 2546 ins
1027 2476 1186 2543 iritu
1210 2473 1434 2542 haeret.
1782 2541 1789 2551 ,
2481 2546 2497 2563 ,

959 2499 1159 2658 <guid
1189 2568 1382 2663 quod
1414 2568 1614 2640 febris
1661 2568 1883 2640 diaria
1930 2567 2170 2642 desinit
2216 2574 2288 2642 in
2314 2566 2647 2658 dnofefiav
2689 2571 3053 2671 perfestam
3082 2628 3110 2663 ,

861 2677 932 2746 &
951 2669 1068 2741 ubi
1098 2668 1538 2740 declinaverit
1566 2665 1684 2738 sub
1711 2666 1917 2738 finem
1948 2666 2089 2739 diei
2126 2672 2453 2741 naturalis
2482 2724 2507 2759 ,
2526 2672 2717 2741 nulla
2755 2671 3108 2769 superstitis

858 2768 1382 2869 empyreumatis
1422 2766 1678 2839 indicia
1705 2766 2023 2863 relinquit
2050 2820 2073 2855 ,
2128 2768 2200 2839 in
2242 2793 2383 2863 quo
2424 2771 2464 2840 ὲ
2521 2772 2771 2843 caetetis
2809 2768 3103 2843 febribus
3198 2851 3209 2858 ,

858 2871 928 2942 in
958 2871 1285 2967 sanguine
1314 2868 1548 2939 focum
1575 2863 1972 2937 habentibus
2009 2862 2281 2966 'prorsus
2313 2866 2538 2939 differt
2560 2922 2582 2955 ,
2646 2866 2904 2940 tametsi
2948 2896 3111 2943 con-

857 2972 1041 3045 venit
1074 2973 1144 3039 in
1191 2969 1274 3038 iis
1330 2990 1481 3061 quae
1533 2968 1602 3034 in
1637 2964 1883 3037 eodem
1930 2962 2143 3038 seroso
2184 2967 2475 3038 humore
2524 2968 2773 3040 haerent
2803 3021 2828 3055 ‚
2874 2994 2947 3040 ut
2985 2970 3113 3040 hoc

856 3093 993 3140 non
1029 3063 1101 3137 sit
1127 3068 1478 3164 proprium
1497 3063 1871 3136 diariarum
1893 3061 2159 3160 signum
2177 3117 2200 3152 ,
2238 3063 2351 3137 sed
2384 3065 2827 3166 inseparabile
2843 3091 3110 3156 tamen,

857 3193 946 3239 an
977 3192 1113 3241 non
1144 3167 1387 3240 veritas
1414 3161 1650 3235 nostrae
1679 3160 2153 3263 propositionis
2202 3163 2366 3237 inde
2415 3166 2643 3237 lumen
2675 3169 2899 3264 capit;
2955 3194 3109 3238 nam

825 3268 1024 3363 ⁴quia
1051 3288 1231 3363 aqua
1258 3262 1657 3335 incalescens
1700 3263 1816 3334 sua
1841 3263 2073 3363 sponte
2110 3263 2204 3335 ad
2254 3265 2613 3360 ingenium
2640 3267 2818 3338 redit
2859 3262 2904 3336 si
2931 3268 3103 3337 cale—

853 3368 1106 3447 faciens
1133 3361 1333 3437 causa
1370 3389 1795 3437 removeatur
1842 3414 1865 3448 ,
1919 3365 2109 3434 calor
2148 3361 2235 3435 ab
2277 3367 2357 3436 ea
2394 3366 2519 3447 toti
2564 3366 3107 3438 communicatus

856 3464 1056 3538 facile
1084 3471 1155 3539 &
1183 3461 1399 3535 subito
1432 3487 1548 3561 per
1580 3466 1722 3549 ejus
1751 3463 2225 3545 resolutionem
2252 3465 2613 3536 remittitur
2639 3465 3114 3562 evanescitque

859 3590 940 3636 ex
965 3564 1027 3636 se
1049 3565 1312 3664 penitus
1336 3563 1493 3632 cum
1528 3585 1661 3630 non
1695 3562 1791 3655 ita
1816 3561 2012 3632 facile
2037 3566 2220 3636 calor
2243 3564 2484 3661 igneus
2517 3564 2557 3634 ὲ
2589 3563 2823 3665 spiritu
2851 3561 3117 3635 inflam-

862 3688 1052 3734 mato
1084 3660 1343 3735 inustus
1373 3658 1727 3732 lentescere
1754 3656 1968 3757 possit.

522 3793 530 3804 ·
569 3783 620 3855 «ς.
679 3776 830 3825 caus.
964 3764 1292 3858 Postremo
1327 3759 1679 3833 videamus
1724 3781 2129 3855 argumenta
2175 3786 2257 3834 ex
2281 3761 2484 3853 catfis
2522 3764 2889 3836 diariarum
2930 3780 3133 3861 repe*

493 3849 833 3944 2’3'3352‘22
869 3859 1035 3948 tita,
1102 3862 1311 3957 quale
1352 3885 1513 3930 nam
1552 3856 1930 3946 subjefkum
1996 3857 2456 3934 demonstrent
2503 3860 2810 3961 spiritum
2867 3862 3133 3933 scilicet

494 3956 698 4003 '‘dm‘’
722 3970 737 4000 ³
867 3957 1212 4032 incensum
1236 4014 1258 4046 ‚
1296 3985 1386 4030 an
1423 3955 1708 4029 serosam
1764 3958 2192 4056 pleonexiam
2233 3957 2695 4034 ebullientem.
2763 3960 3125 4059 Equidem

797 4100 830 4114 ι
869 4059 1069 4144 causae
1111 4062 1337 4130 diariae
1392 4084 1607 4128 omnes
1619 4058 1787 4154 sunt
1824 4058 2306 4156 procatardicae
2358 4058 2432 4135 ό
2454 4062 2793 4145 „evidentes
2813 4110 2850 4147 ,
2904 4085 3133 4135 unum

946 4228 981 4273 a
1021 4204 1149 4273 Lib.
1189 4222 1238 4266 1.
1264 4206 1336 4270 de
1366 4208 1509 4288 febr,

2854 4292 3141 4385 stilicen
