3593 5087
957 327 1113 485 3⁶4
1215 372 3028 457 MoRBIVENTmslNFERroRts

956 504 1205 578 florem
1235 506 1612 605 gratiosum
1648 508 1919 577 amittat
1950 528 2250 605 oportet:
2314 533 2455 602 quo
2501 504 2656 578 sane
2706 507 2925 579 serum
2951 505 3228 582 redum

961 605 1083 680 det
1116 601 1369 678 neceffe
1421 604 1516 677 est
1550 607 1622 674 in
1645 629 1792 677 toto
1828 629 2111 703 corpore
2139 610 2209 677 δ(
2238 606 2532 693 maxime
2574 605 2853 678 infernis
2897 609 3224 707 partibus,

957 704 1062 778 Ex
1108 730 1250 801 quo
1311 708 1521 778 etiam
1565 703 1903 802 spiritibus
1954 710 2025 777 in
2071 728 2216 775 toto
2258 705 2393 777 fere
2443 704 2701 778 obrutis
2737 705 2827 778 ob
2859 733 3050 804 aquae
3106 736 3227 782 co·

1011 808 1155 877 iam
1190 832 1446 904 magna
1478 806 1781 899 corporis
1816 803 2116 900 sequitur
2144 807 2441 900 gravitas
2471 812 2539 878 &
2569 805 2886 904 segnities
2920 808 3227 880 imbecil-

958 832 1254 1000 iitasque
1278 959 1301 991 ‚
1362 911 1431 977 &
1467 931 1548 975 ex
1577 908 1718 990 ejus
1747 905 2215 991 conscientia,
2259 906 2646 999 viriumque
2682 909 2999 1006 corporis
3042 905 3227 979 diffi-

965 1003 1201 1077 dentia
1219 1007 1391 1076 mira
1411 1004 1625 1076 animi
1653 1006 1937 1104 ignavia
1962 1011 2032 1079 δι
2050 1003 2365 1104 angustia
2386 1058 2410 1093 ,
2439 1031 2646 1101 atque
2671 1005 2765 1076 ad
2795 1031 3060 1079 metum
3078 1033 3224 1110 pro·

966 1102 1220 1206 pensio.

1064 1202 1255 1292 Quia
1297 1228 1501 1304 porro
1543 1202 1937 1276 redundans
1967 1207 2039 1274 in
2073 1198 2285 1274 massa
2314 1203 2661 1302 sanguinis
2678 1228 2862 1299 aqua
2886 1208 3255 1304 gravitat,-

957 1301 1123 1377 inde
1145 1305 1501 1403 pleonexia
1529 1302 1743 1375 setosa
1760 1302 1892 1375 sese
1926 1304 1998 1372 in
2033 1304 2308 1375 infernis
2346 1301 2649 1402 partibus
2679 1306 2906 1405 magis
2942 1306 3176 1406 prodit
3202 1333 3227 1380 ι

954 1406 1191 1498 itaque
1217 1405 1472 1475 varices
1498 1403 1672 1474 fiunt
1699 1408 1771 1476 &
1798 1427 2095 1476 tumores
2121 1402 2400 1501 pedum.

1064 1502 1197 1574 Sed
1218 1510 1288 1578 δι
1309 1505 1643 1599 quoniam
1668 1528 1854 1598 aqua
1881 1528 2017 1573 non
2052 1504 2133 1573 ea
2155 1504 2354 1601 copia
2378 1502 2419 1572 ὲ
2446 1501 2640 1575 vitali
2669 1501 2902 1602 spiritu
2933 1502 3225 1576 illustra-

961 1628 1072 1678 tur
1097 1603 1235 1699 qua
1287 1628 1409 1701 par
1441 1600 1535 1674 est
1572 1656 1595 1690 ,
1655 1601 1818 1673 inde
1855 1627 1938 1672 ea
1977 1601 2178 1673 facile
2220 1601 2534 1702 putrescit
2573 1627 2711 1673 non
2767 1605 3098 1677 ventilata
3145 1627 3229 1676 ut

962 1702 1204 1777 debet:
1252 1727 1416 1773 nam
1449 1705 1683 1776 vitium
1710 1702 1978 1794 capiunt
2014 1703 2090 1772 ni
2120 1727 2500 1776 moveantur
2522 1727 2726 1799 aquoe.

1062 1800 1136 1875 A
1186 1798 1601 1903 putrescente
1633 1823 1865 1872 autem
1892 1797 2009 1872 etsi
2042 1801 2278 1874 leviter
2337 1808 2409 1875 ὃς
2447 1799 2642 1875 fimul
2675 1799 3108 1875 redundante
3156 1806 3236 1878 in.

964 1900 1270 2006 partibus
1309 1899 1745 1974 inferioribus
1794 1901 1980 1999 aquei
2021 1901 2246 1973 calent
2297 1926 2535 2003 praeter
2590 1926 2911 1976 naturam
2940 1928 3170 2003 genua
3198 1953 3224 1994 ,

861 2093 868 2100 ·
961 2001 1327 2108 pedesque.
3232 2065 3239 2072 .

1067 2100 1226 2177 Imo
1271 2098 1435 2177 vero
1469 2098 1716 2175 eadem
1765 2101 2144 2200 putrescens
2201 2098 2561 2176 effervescit
2585 2104 2653 2174 in
2681 2122 2903 2203 partes
2928 2100 3230 2202 superio-

967 2229 1072 2278 res
1087 2257 1112 2292 ,
1157 2202 1315 2274 hinc
1361 2201 1598 2302 spont'e
1649 2201 1685 2273 ὲ
1736 2201 2011 2274 naribus
2050 2202 2302 2275 exudat
2340 2200 2683 2300 stillatque
2708 2203 2984 2300 sanguis
3013 2228 3231 2300 aquo-

967 2303 1117 2392 sus,
1168 2302 1684 2399 acrimoniaque
1719 2300 1836 2374 sua
1865 2327 2087 2400 partes
2114 2303 2473 2374 teneriores
2522 2302 2849 2375 invadens
2880 2354 2904 2388 ‚
2964 2326 3045 2374 ut
3087 2328 3232 2374 car·

962 2428 1081 2473 nes
1111 2405 1552 2502 gingivarum
1580 2455 1603 2487 ‚
1650 2426 1760 2473 eas
1804 2402 2066 2490 exedit,
2107 2401 2513 2500 putrefacit,
2558 2403 3118 2500 corrumpitque,
3163 2408 3236 2477 &-

963 2502 1007 2574 ὲ
1036 2500 1353 2574 dentibus
1388 2498 1745 2572 abscedere
1773 2501 1982 2575 facit:
2027 2527 2107 2575 ex
2149 2502 2292 2598 qua
2330 2500 2713 2602 corruptela
2761 2502 3063 2602 partium
3095 2503 3237 2576 oris

962 2601 1197 2672 anima
1235 2598 1378 2700 ipsa
1411 2598 1628 2670 foetet.
1773 2675 1776 2677 .
2196 2640 2201 2645 -

1065 2698 1259 2788 Quin
1287 2698 1495 2770 etiam
1537 2695 1625 2768 ab
1671 2694 1920 2771 eadem
1968 2695 2170 2771 causa
2212 2698 2555 2773 ulceribus
2586 2701 3004 2802 dysepulotis
3030 2727 3233 2775 crura

964 2824 1254 2872 manant
1312 2796 1825 2893 foedanturque.
1875 2799 2197 2895 Denique
2251 2802 2418 2896 quia
2470 2827 2666 2895 aquae
2715 2801 2940 2875 fervor
2972 2803 3089 2873 ille
3135 2798 3231 2873 est

963 2899 1134 2975 levis
1185 2906 1254 2975 &
1283 2900 1353 2971 in
1389 2897 1692 2986 subjesto
1721 2924 1944 2994 aqueo
1974 2897 2373 2999 frigidoque
2415 2900 2585 2971 inest
2609 2955 2635 2988 ,
2676 2899 2856 2973 certe
2882 2900 3091 2973 febris
3108 2901 3226 2973 mi·

963 3000 1091 3071 niis
1128 2999 1403 3073 evidens
1463 2995 1578 3069 sed
1619 2994 1944 3086 obscura,
1991 3004 2063 3072 ὅ(
2106 3025 2260 3094 quae
2308 3001 2380 3071 in
2436 3002 2747 3075 extremis
2798 3000 3105 3100 partibus
3152 3002 3233 3072 in

961 3122 1135 3197 quas
1182 3096 1507 3169 decubuit
1542 3098 1772 3194 gravis
1810 3097 2055 3170 humor
2083 3097 2212 3171 sese
2247 3099 2498 3200 prodit.

625 3217 947 3294 rumorque}
1064 3196 1299 3294 Atque
1341 3198 1482 3285 haec
1536 3197 1687 3269 satis
1742 3195 1834 3269 de
1882 3196 2259 3273 tumoribus
2307 3198 2670 3300 praesertim
2719 3197 3029 3298 aquosis,
3066 3224 3237 3297 quae

608 3279 940 3396 ‘gfff'ffi'd‘
965 3296 1396 3377 discutienda
1453 3304 1524 3371 &
1579 3298 2037 3371 examinanda
2076 3295 2411 3396 'relinquo
2450 3300 2785 3389 medicis,
2842 3298 2885 3371 fi
2932 3299 3237 3395 quando

964 3397 1383 3492 ejuscemodi
1411 3396 1687 3470 affectus
1728 3400 2161 3485 occurrerint.
2204 3398 2403 3487 Quos
2443 3423 2744 3473 tumores
2794 3398 2889 3472 ad
2930 3398 3243 3498 frigidos

960 3502 1206 3580 referri.
1244 3498 1491 3573 debere
1547 3495 1702 3568 satis
1736 3499 1994 3570 constat
2022 3552 2045 3585 ,
2094 3525 2499 3596 quanquam
2528 3499 2756 3571 calida
2789 3502 3228 3601 intemperies

963 3598 1387 3676 occasionem
1414 3596 1682 3671 dederit
1711 3627 1726 3663 ι
1755 3622 2015 3669 certum
2061 3604 2361 3696 namque
2412 3597 2506 3670 est
2548 3598 2763 3671 viscus
2810 3599 2850 3668 ὲ
2900 3598 3246 3672 εοητειᾶιι.

603 3730 699 3766 non
765 3716 936 3763 maeri
962 3702 1157 3796 aquae
1197 3700 1453 3772 diutius
1494 3696 1870 3791 stagnantis
1901 3693 2184 3768 tandem
2210 3698 2617 3797 refrigerari.
2655 3696 2868 3771 Unde
2892 3697 3092 3771 hosce
3117 3722 3232 3770 tu-

601 3771 931 3886 {iiffi‘ssssfm
963 3818 1180 3872 mores
1226 3825 1364 3870 non
1397 3797 1664 3870 temere.
1687 3792 1782 3866 ad
1833 3794 2213 3895 hydropem
2243 3797 2507 3872 referre-
2526 3794 2880 3897 poffumus
2928 3824 3009 3869 ex
3056 3821 3239 3869 ana-

959 3899 1172 3996 logia„
1203 3897 1528 3997 hydropis
1553 3897 1898 3996 pulmonis
1930 3900 2034 3971 vel
2052 3895 2308 3969 cerebri
2339 3951 2364 3986 ‚
2386 3934 2411 3955 κ
2440 3898 2597 3969 cum
2622 3900 2694 3968 in
2723 3898 2804 3968 iis
2828 3893 3083 3970 viscera

958 3997 1105 4069 tosa
1161 3998 1276 4068 sua
1324 3998 1567 4070 natura
1622 3995 1810 4085 juxta
1848 4002 2055 4099 atque
2086 3998 2222 4074 inae
2286 4006 2510 4101 partes
2542 3996 2843 4100 plurima
2874 3996 3066 4097 aqui

958 4097 1383 4196 praegnantis.
1412 4102 1483 4177 ὅς
1503 4094 1820 4173 distenta.
